1954 2754
576 269 962 308 ILLUSTRATIVE
993 274 1334 312 DOCUMENTS.
1590 284 1660 320 447

850 604 920 640 No.
949 604 1053 639 VIII.

242 741 393 767 LETTER
414 741 518 767 FROM
540 741 715 766 WILLIAM
736 741 972 771 LONGESPEE,
995 742 1096 767 EARL
1118 743 1164 768 OF
1186 743 1405 773 SALISBURK
1429 744 1479 770 TO
1501 742 1656 769 HUBERT

591 793 640 818 DE
661 793 803 822 BURGH,
824 793 1051 818 JUSTICIARY
1073 793 1120 819 OF
1140 794 1339 820 ENGLAND.

377 909 496 934 Without
508 909 576 939 date,
591 910 637 935 but
651 909 749 934 written
763 910 787 934 in
802 909 870 934 June
882 909 1082 941 l224--OErom
1097 909 1140 935 the
1160 911 1283 943 original,
1299 911 1323 935 in
1337 911 1381 935 the
1397 910 1511 943 Tower.)

242 1048 450 1082 CARISSIMO
476 1046 586 1081 amico
613 1046 684 1085 suo,
711 1045 850 1080 domino
871 1045 1030 1080 Huberto
1048 1046 1091 1080 de
1120 1045 1249 1093 Burgo,
1278 1046 1471 1082 Justieiario
1500 1048 1648 1096 Anghae,

242 1105 435 1140 VVillelmus
453 1104 666 1151 Longespee,
687 1116 802 1138 comes
821 1104 954 1143 Sarum,
975 1104 1115 1138 salutem
1131 1110 1165 1138 et
1180 1104 1374 1140 dileffronis
1388 1106 1648 1152 plenitudinem.

288 1162 433 1197 Noverit
460 1162 599 1196 dileetio
627 1161 735 1196 vestra
764 1161 855 1208 quod
890 1161 1048 1196 dominus
1082 1161 1258 1197 Johanues
1290 1163 1515 1199 Marescallus
1550 1166 1648 1199 nobis

238 1233 297 1267 per
315 1221 443 1255 litteras
462 1221 537 1254 suas
555 1219 740 1261 mandavit,
761 1218 864 1266 quod,
889 1231 966 1253 cum
984 1219 1117 1254 mififfet
1136 1220 1266 1255 litteras
1285 1221 1413 1256 domini
1433 1223 1522 1269 regis
1541 1223 1648 1258 (lomi-

237 1291 281 1313 no
302 1278 457 1313 Falkafio
476 1278 518 1312 de
539 1277 677 1312 Brealte
696 1289 757 1324 pro
777 1276 877 1311 bosco
896 1277 956 1312 suo
976 1277 1018 1312 de
1038 1277 1220 1313 Nortone*
1240 1284 1275 1313 et
1292 1280 1388 1314 terris
1407 1280 1472 1314 suis
1491 1280 1523 1314 in
1543 1280 1646 1316 ballia

237 1337 294 1371 sua
313 1336 479 1371 habendis
505 1341 539 1370 et
564 1335 597 1370 in
624 1347 709 1382 pace
733 1335 948 1382 poffidendis,
973 1335 1158 1370 seeundum
1185 1336 1277 1383 quod
1305 1337 1390 1371 ratio
1418 1338 1534 1385 exigit,
1555 1338 1645 1374 idem

238 1394 412 1429 Falkafius
439 1394 481 1428 ad
499 1394 615 1428 literas
641 1393 769 1428 domini
795 1393 885 1440 regis
913 1394 1093 1440 respondit,
1122 1394 1226 1441 quod,
1253 1394 1276 1428 fi
1303 1395 1333 1429 ei
1353 1395 1486 1430 mififfet
1505 1397 1645 1444 triginta

236 1453 330 1500 paria
355 1453 555 1497 literarum†
581 1451 707 1486 domini
735 1451 836 1498 regie,
865 1464 986 1498 pacem
1014 1451 1133 1499 utique
1158 1464 1227 1486 non
1246 1452 1389 1487 haberet
1416 1453 1458 1488 de
1478 1455 1643 1501 praedie‘oe

235 1511 346 1553 bosco,
366 1523 430 1545 nec
449 1510 491 1544 de
510 1509 584 1544 aliis
602 1509 703 1544 rebus
722 1509 787 1544 suis
805 1510 838 1543 in
858 1509 962 1544 ballia
981 1510 1050 1544 sua.
1093 1509 1138 1544 Et
1157 1511 1291 1545 vocavit
1309 1511 1416 1557 ipsum
1436 1511 1642 1553 Johannem,

235 1581 348 1604 coram
367 1568 532 1603 serviente
551 1569 620 1609 suo,
645 1579 747 1614 quem
767 1567 809 1602 ad
829 1579 906 1602 eum
926 1568 1070 1609 miserat,
1099 1574 1133 1602 et
1159 1580 1278 1603 omnes
1296 1569 1470 1604 naturales
1489 1570 1643 1606 homines

236 1627 372 1674 Angliae
400 1627 610 1674 proditores3
647 1626 763 1660 dicens
789 1625 893 1660 etiam
920 1625 1012 1672 quod
1042 1638 1105 1660 nos
1136 1638 1254 1661 omnes
1284 1627 1457 1662 naturales
1487 1627 1642 1664 homines

234 1685 371 1732 Angliae
399 1697 557 1732 guerram
584 1683 813 1718 desideramus
841 1688 874 1718 et
901 1683 1068 1723 volumus,
1097 1689 1131 1718 et
1159 1684 1251 1731 quod
1282 1684 1351 1731 ipse
1382 1691 1513 1720 tantam
1541 1699 1641 1733 guer-

232 1756 302 1778 ram
336 1743 435 1778 nobis
468 1743 627 1784 inveniet,
661 1741 754 1789 quod
786 1747 859 1776 tota
889 1741 1018 1787 Anglia
1046 1741 1124 1776 satis
1152 1741 1268 1777 striela
1291 1742 1390 1777 nobis
1418 1743 1492 1778 erit.
1546 1745 1640 1780 Dum
1677 1784 1679 1786 ,

231 1801 321 1836 enim
362 1801 524 1848 praecepit
563 1799 718 1835 servienti
759 1799 843 1834 diffl
878 1798 1047 1834 Johannis
1084 1799 1277 1834 Marescalli
1313 1801 1406 1848 quod
1441 1801 1502 1836 ista
1536 1803 1639 1838 verba

229 1859 367 1894 domino
382 1859 440 1893 suo
458 1864 619 1899 narraret,
640 1863 674 1892 et
692 1857 785 1904 quod
803 1856 960 1891 dominus
979 1857 1056 1891 suus
1074 1857 1172 1892 nobis
1186 1863 1220 1892 et
1239 1858 1313 1893 aliis
1331 1859 1411 1893 talia
1431 1861 1636 1907 propalaret.

231 1917 324 1952 Idem
354 1922 467 1951 autem
499 1914 675 1951 Falkafius
698 1915 860 1949 ballivum
888 1914 971 1949 dioti
1000 1914 1167 1950 Johannis
1195 1915 1387 1951 Marescalli
1416 1917 1459 1952 de
1478 1917 1637 1954 Nortone

261 2036 270 2047 ⁸
292 2033 411 2062 William,
428 2031 488 2057 Earl
500 2031 531 2057 of
541 2032 677 2064 Salisbury,
698 2030 797 2056 natural
810 2038 856 2055 son
876 2029 906 2054 of
922 2029 1010 2062 Henry
1023 2029 1066 2054 the
1082 2029 1190 2059 Second,
1213 2029 1305 2063 having
1321 2032 1436 2057 revolted
1450 2033 1512 2058 from
1532 2033 1570 2059 his
1592 2035 1646 2059 half

224 2074 334 2102 brother,
358 2073 424 2106 King
436 2072 514 2101 John,
534 2077 561 2097 to
572 2072 626 2105 join
638 2071 683 2096 the
703 2071 807 2099 Barons,
821 2071 860 2095 his
872 2070 944 2095 lands
960 2078 1024 2094 were
1037 2070 1128 2095 seized.
1168 2070 1254 2096 When
1273 2071 1334 2105 they
1348 2081 1413 2098 were
1431 2075 1545 2099 restored
1565 2084 1634 2108 upon

226 2114 313 2147 Hem-y
326 2114 371 2138 the
385 2113 486 2138 Third's
499 2113 638 2142 accession,
653 2112 698 2137 the
711 2120 799 2136 manor
811 2111 842 2136 of
852 2111 952 2136 Norton
967 2118 1018 2135 was
1031 2110 1164 2139 iucluded;
1184 2111 1234 2136 and
1252 2121 1268 2137 a
1281 2113 1335 2137 writ
1355 2122 1406 2138 was
1419 2114 1555 2140 addressed
1570 2124 1638 2148 upon

224 2154 269 2181 7th
285 2154 374 2180 March
389 2155 453 2181 1217
469 2154 538 2185 (Rot.
559 2154 638 2178 Clam.
654 2153 670 2181 i,
685 2153 747 2184 299)
768 2157 795 2176 to
810 2151 948 2180 Falcasius‚
969 2151 1096 2184 enjoining
1109 2150 1159 2176 him
1173 2156 1200 2176 to
1212 2152 1269 2184 give
1282 2154 1357 2178 seisin
1371 2159 1398 2179 to
1411 2154 1455 2179 the
1474 2155 1535 2180 earl.
1576 2157 1634 2181 The

223 2195 300 2220 result
313 2194 343 2219 of
351 2203 383 2219 an
396 2194 548 2227 appIIcation
567 2193 639 2218 made
652 2193 685 2226 by
698 2192 742 2218 the
755 2192 845 2218 bailiffs
858 2191 912 2216 osa
925 2192 1061 2216 subtenant
1074 2192 1093 2216 is
1107 2191 1167 2216 here
1180 2193 1310 2218 recorded.

256 2237 269 2266 †
291 2235 376 2259 When
389 2234 433 2259 the
445 2234 554 2259 Justices
568 2234 592 2258 in
608 2234 674 2266 Eyre
688 2241 753 2258 were
767 2237 792 2258 at
807 2231 958 2261 Dunstab1e‚
979 2232 1057 2257 about
1073 2232 1132 2257 16th
1145 2232 1212 2257 June
1228 2235 1301 2262 1224,
1320 2234 1456 2263 Falcasius,
1477 2236 1551 2269 being
1563 2245 1578 2261 a
1589 2245 1631 2269 ge-

221 2276 290 2300 neral
303 2275 444 2308 plunderer,
458 2274 573 2300 incurred
584 2283 653 2299 more
663 2274 725 2298 than
736 2273 813 2306 thirty
821 2277 1012 2301 amercements‚
1028 2272 1090 2297 each
1104 2273 1174 2298 rated
1185 2279 1210 2298 at
1220 2282 1289 2298 more
1303 2275 1364 2299 than
1380 2277 1426 2300 100
1435 2276 1451 2300 l.
1479 2276 1534 2307 (M.
1547 2278 1628 2307 Paris,

221 2324 244 2348 p.
259 2317 331 2348 320).
371 2315 456 2340 These
468 2323 510 2340 are
529 2315 573 2340 the
591 2314 668 2347 thirty
681 2314 735 2347 pair
755 2313 784 2339 of
799 2313 886 2339 letters
905 2318 931 2338 to
946 2313 1028 2338 which
1042 2313 1148 2338 allusion
1168 2314 1188 2339 is
1207 2315 1280 2339 made
1299 2315 1323 2340 in
1343 2315 1393 2341 this
1413 2317 1463 2342 and
1480 2317 1505 2342 in
1525 2317 1569 2343 the
1587 2318 1632 2343 fol-

220 2356 311 2389 lowing
323 2355 418 2381 article.
