<?xml version="1.0" encoding="UTF-8"?>
<!DOCTYPE html PUBLIC "-//W3C//DTD XHTML 1.0 Transitional//EN"
    "http://www.w3.org/TR/xhtml1/DTD/xhtml1-transitional.dtd">
<html xmlns="http://www.w3.org/1999/xhtml" xml:lang="en" lang="en">
 <head>
  <title>
</title>
<meta http-equiv="Content-Type" content="text/html;charset=utf-8" />
  <meta name='ocr-system' content='tesseract 3.04.00' />
  <meta name='ocr-capabilities' content='ocr_page ocr_carea ocr_par ocr_line ocrx_word'/>
</head>
<body>
  <div class='ocr_page' id='page_1' title='image "./chronicondelaner00mait/chronicondelaner00mait_0280.png"; bbox 0 0 1954 2754; ppageno 0'>
   <div class='ocr_carea' id='block_1_1' title="bbox 274 272 1668 313">
    <p class='ocr_par' dir='ltr' id='par_1_1' title="bbox 274 272 1668 313">
     <span class='ocr_line' id='line_1_1' title="bbox 274 272 1668 313; baseline 0.004 -5"><span class='ocrx_word' id='word_1_1' title='bbox 274 277 342 309; x_wconf 83' lang='lat'>238</span> <span class='ocrx_word' id='word_1_2' title='bbox 540 272 893 309; x_wconf 89' lang='lat' dir='ltr'>CHRONICON</span> <span class='ocrx_word' id='word_1_3' title='bbox 928 274 1001 309; x_wconf 91' lang='lat' dir='ltr'>DE</span> <span class='ocrx_word' id='word_1_4' title='bbox 1039 274 1405 311; x_wconf 87' lang='lat' dir='ltr'><strong>LANERCOST.</strong></span> <span class='ocrx_word' id='word_1_5' title='bbox 1472 288 1545 312; x_wconf 64' lang='lat' dir='ltr'>As).</span> <span class='ocrx_word' id='word_1_6' title='bbox 1564 281 1668 313; x_wconf 86' lang='grc'><strong>1318.</strong></span> 
     </span>
    </p>
   </div>
   <div class='ocr_carea' id='block_1_2' title="bbox 268 369 1675 2037">
    <p class='ocr_par' dir='ltr' id='par_1_2' title="bbox 268 369 1674 1285">
     <span class='ocr_line' id='line_1_2' title="bbox 269 369 1671 418; baseline 0.001 -13"><span class='ocrx_word' id='word_1_7' title='bbox 269 372 382 406; x_wconf 86' lang='lat' dir='ltr'>serunt</span> <span class='ocrx_word' id='word_1_8' title='bbox 399 370 599 410; x_wconf 81' lang='lat' dir='ltr'>cardinales,</span> <span class='ocrx_word' id='word_1_9' title='bbox 618 370 677 416; x_wconf 90' lang='lat' dir='ltr'>qui</span> <span class='ocrx_word' id='word_1_10' title='bbox 695 369 806 404; x_wconf 89' lang='lat' dir='ltr'>adhuc</span> <span class='ocrx_word' id='word_1_11' title='bbox 824 375 905 404; x_wconf 87' lang='lat' dir='ltr'>tunc</span> <span class='ocrx_word' id='word_1_12' title='bbox 923 375 1019 404; x_wconf 87' lang='lat' dir='ltr'>erant</span> <span class='ocrx_word' id='word_1_13' title='bbox 1037 371 1069 404; x_wconf 90' lang='lat' dir='ltr'>in</span> <span class='ocrx_word' id='word_1_14' title='bbox 1090 370 1230 418; x_wconf 87' lang='lat' dir='ltr'>Anglia,</span> <span class='ocrx_word' id='word_1_15' title='bbox 1257 371 1414 406; x_wconf 90' lang='lat' dir='ltr'>omnibus</span> <span class='ocrx_word' id='word_1_16' title='bbox 1432 373 1580 418; x_wconf 86' lang='lat' dir='ltr'>praelatis</span> <span class='ocrx_word' id='word_1_17' title='bbox 1600 373 1671 407; x_wconf 90' lang='lat' dir='ltr'>An-</span> 
     </span>
     <span class='ocr_line' id='line_1_3' title="bbox 269 427 1672 476; baseline 0.001 -12"><span class='ocrx_word' id='word_1_18' title='bbox 269 429 358 476; x_wconf 82' lang='lat' dir='ltr'>gliae,</span> <span class='ocrx_word' id='word_1_19' title='bbox 372 428 464 475; x_wconf 89' lang='lat' dir='ltr'>quod</span> <span class='ocrx_word' id='word_1_20' title='bbox 476 429 509 462; x_wconf 94' lang='lat' dir='ltr'>in</span> <span class='ocrx_word' id='word_1_21' title='bbox 521 428 612 462; x_wconf 88' lang='lat' dir='ltr'>omni</span> <span class='ocrx_word' id='word_1_22' title='bbox 630 427 725 462; x_wconf 83' lang='lat' dir='ltr'>miffa</span> <span class='ocrx_word' id='word_1_23' title='bbox 738 427 877 462; x_wconf 89' lang='lat' dir='ltr'>solemni</span> <span class='ocrx_word' id='word_1_24' title='bbox 894 428 1001 463; x_wconf 89' lang='lat' dir='ltr'>tribus</span> <span class='ocrx_word' id='word_1_25' title='bbox 1012 429 1142 464; x_wconf 85' lang='lat' dir='ltr'>vicibus</span> <span class='ocrx_word' id='word_1_26' title='bbox 1160 429 1404 464; x_wconf 81' lang='lat' dir='ltr'>denunciarent</span> <span class='ocrx_word' id='word_1_27' title='bbox 1421 429 1610 465; x_wconf 87' lang='lat' dir='ltr'>Robertum</span> <span class='ocrx_word' id='word_1_28' title='bbox 1629 431 1672 466; x_wconf 89' lang='lat' dir='ltr'>de</span> 
     </span>
     <span class='ocr_line' id='line_1_4' title="bbox 274 485 1672 529; baseline 0.001 -8"><span class='ocrx_word' id='word_1_29' title='bbox 274 487 379 521; x_wconf 87' lang='lat' dir='ltr'>Bruse</span> <span class='ocrx_word' id='word_1_30' title='bbox 398 486 742 527; x_wconf 83' lang='lat' dir='ltr'>excommunicatum,</span> <span class='ocrx_word' id='word_1_31' title='bbox 763 485 884 520; x_wconf 89' lang='lat' dir='ltr'>diebus</span> <span class='ocrx_word' id='word_1_32' title='bbox 898 498 966 520; x_wconf 89' lang='lat' dir='ltr'>non</span> <span class='ocrx_word' id='word_1_33' title='bbox 984 486 1112 521; x_wconf 85' lang='lat' dir='ltr'>feriatis</span> <span class='ocrx_word' id='word_1_34' title='bbox 1127 493 1161 521; x_wconf 94' lang='lat' dir='ltr'>et</span> <span class='ocrx_word' id='word_1_35' title='bbox 1176 488 1314 529; x_wconf 85' lang='lat' dir='ltr'>feriatis,</span> <span class='ocrx_word' id='word_1_36' title='bbox 1332 500 1409 522; x_wconf 87' lang='lat' dir='ltr'>cum</span> <span class='ocrx_word' id='word_1_37' title='bbox 1424 488 1581 523; x_wconf 87' lang='lat' dir='ltr'>omnibus</span> <span class='ocrx_word' id='word_1_38' title='bbox 1593 501 1672 523; x_wconf 85' lang='lat' dir='ltr'>eon-</span> 
     </span>
     <span class='ocr_line' id='line_1_5' title="bbox 270 543 1672 592; baseline 0.001 -14"><span class='ocrx_word' id='word_1_39' title='bbox 270 544 398 579; x_wconf 83' lang='lat' dir='ltr'>filiariis</span> <span class='ocrx_word' id='word_1_40' title='bbox 410 549 444 578; x_wconf 88' lang='lat' dir='ltr'>et</span> <span class='ocrx_word' id='word_1_41' title='bbox 462 543 652 578; x_wconf 85' lang='lat' dir='ltr'>fautoribus</span> <span class='ocrx_word' id='word_1_42' title='bbox 664 544 746 585; x_wconf 84' lang='lat' dir='ltr'>suis3</span> <span class='ocrx_word' id='word_1_43' title='bbox 767 548 801 577; x_wconf 81' lang='lat' dir='ltr'>et</span> <span class='ocrx_word' id='word_1_44' title='bbox 815 555 905 583; x_wconf 81' lang='lat' dir='ltr'>eum,</span> <span class='ocrx_word' id='word_1_45' title='bbox 924 556 965 578; x_wconf 83' lang='lat' dir='ltr'>ex</span> <span class='ocrx_word' id='word_1_46' title='bbox 984 550 1079 590; x_wconf 87' lang='lat' dir='ltr'>parte</span> <span class='ocrx_word' id='word_1_47' title='bbox 1091 557 1199 591; x_wconf 72' lang='lat' dir='ltr'>papae,</span> <span class='ocrx_word' id='word_1_48' title='bbox 1216 545 1442 580; x_wconf 89' lang='lat' dir='ltr'>intestabilem</span> <span class='ocrx_word' id='word_1_49' title='bbox 1457 552 1490 580; x_wconf 87' lang='lat' dir='ltr'>et</span> <span class='ocrx_word' id='word_1_50' title='bbox 1504 546 1672 592; x_wconf 85' lang='lat' dir='ltr'>privatum</span> 
     </span>
     <span class='ocr_line' id='line_1_6' title="bbox 270 602 1672 643; baseline 0.002 -7"><span class='ocrx_word' id='word_1_51' title='bbox 270 603 361 637; x_wconf 91' lang='lat' dir='ltr'>omni</span> <span class='ocrx_word' id='word_1_52' title='bbox 380 603 508 637; x_wconf 81' lang='lat' dir='ltr'>honore</span> <span class='ocrx_word' id='word_1_53' title='bbox 526 602 826 643; x_wconf 82' lang='lat' dir='ltr'>denunciaverunt,</span> <span class='ocrx_word' id='word_1_54' title='bbox 853 607 886 635; x_wconf 87' lang='lat' dir='ltr'>et</span> <span class='ocrx_word' id='word_1_55' title='bbox 910 607 1018 636; x_wconf 83' lang='lat' dir='ltr'>totam</span> <span class='ocrx_word' id='word_1_56' title='bbox 1044 608 1168 637; x_wconf 84' lang='lat' dir='ltr'>terram</span> <span class='ocrx_word' id='word_1_57' title='bbox 1192 604 1286 637; x_wconf 89' lang='lat' dir='ltr'>suam</span> <span class='ocrx_word' id='word_1_58' title='bbox 1308 609 1342 638; x_wconf 89' lang='lat' dir='ltr'>et</span> <span class='ocrx_word' id='word_1_59' title='bbox 1368 604 1519 638; x_wconf 90' lang='lat' dir='ltr'>omnium</span> <span class='ocrx_word' id='word_1_60' title='bbox 1538 605 1672 639; x_wconf 88' lang='lat' dir='ltr'>suorum</span> 
     </span>
     <span class='ocr_line' id='line_1_7' title="bbox 270 659 1671 705; baseline 0.001 -10"><span class='ocrx_word' id='word_1_61' title='bbox 270 661 329 695; x_wconf 88' lang='lat' dir='ltr'>sub</span> <span class='ocrx_word' id='word_1_62' title='bbox 354 660 536 695; x_wconf 65' lang='lat' dir='ltr'>interdicto</span> <span class='ocrx_word' id='word_1_63' title='bbox 565 659 789 694; x_wconf 72' lang='lat' dir='ltr'>ecclesiastico</span> <span class='ocrx_word' id='word_1_64' title='bbox 813 660 1006 705; x_wconf 87' lang='lat' dir='ltr'>posuerunt,</span> <span class='ocrx_word' id='word_1_65' title='bbox 1034 660 1119 695; x_wconf 90' lang='lat' dir='ltr'>filios</span> <span class='ocrx_word' id='word_1_66' title='bbox 1146 661 1297 695; x_wconf 91' lang='lat' dir='ltr'>omnium</span> <span class='ocrx_word' id='word_1_67' title='bbox 1327 660 1387 695; x_wconf 90' lang='lat' dir='ltr'>fibi</span> <span class='ocrx_word' id='word_1_68' title='bbox 1414 661 1671 702; x_wconf 82' lang='lat' dir='ltr'>adhaerentium,</span> 
     </span>
     <span class='ocr_line' id='line_1_8' title="bbox 269 717 1672 765; baseline 0.001 -12"><span class='ocrx_word' id='word_1_69' title='bbox 269 719 375 765; x_wconf 89' lang='lat' dir='ltr'>usque</span> <span class='ocrx_word' id='word_1_70' title='bbox 393 719 437 753; x_wconf 87' lang='lat' dir='ltr'>ad</span> <span class='ocrx_word' id='word_1_71' title='bbox 463 718 647 752; x_wconf 89' lang='lat' dir='ltr'>secundum</span> <span class='ocrx_word' id='word_1_72' title='bbox 674 717 828 764; x_wconf 82' lang='lat' dir='ltr'>gradum,</span> <span class='ocrx_word' id='word_1_73' title='bbox 849 717 1015 752; x_wconf 87' lang='lat' dir='ltr'>inhabiles</span> <span class='ocrx_word' id='word_1_74' title='bbox 1039 719 1082 752; x_wconf 89' lang='lat' dir='ltr'>ad</span> <span class='ocrx_word' id='word_1_75' title='bbox 1108 731 1208 754; x_wconf 88' lang='lat' dir='ltr'>omne</span> <span class='ocrx_word' id='word_1_76' title='bbox 1236 720 1385 754; x_wconf 80' lang='lat' dir='ltr'>officium</span> <span class='ocrx_word' id='word_1_77' title='bbox 1411 726 1444 754; x_wconf 88' lang='lat' dir='ltr'>et</span> <span class='ocrx_word' id='word_1_78' title='bbox 1469 720 1672 755; x_wconf 90' lang='lat' dir='ltr'>beneficium</span> 
     </span>
     <span class='ocr_line' id='line_1_9' title="bbox 269 775 1671 823; baseline 0.002 -13"><span class='ocrx_word' id='word_1_79' title='bbox 269 775 530 810; x_wconf 77' lang='lat' dir='ltr'>ecclesiasticum</span> <span class='ocrx_word' id='word_1_80' title='bbox 560 775 790 808; x_wconf 87' lang='lat' dir='ltr'>reddiderunt.</span> <span class='ocrx_word' id='word_1_81' title='bbox 852 775 890 808; x_wconf 89' lang='lat' dir='ltr'>In</span> <span class='ocrx_word' id='word_1_82' title='bbox 918 787 1036 810; x_wconf 87' lang='lat' dir='ltr'>omnes</span> <span class='ocrx_word' id='word_1_83' title='bbox 1062 776 1165 810; x_wconf 86' lang='lat' dir='ltr'>otiam</span> <span class='ocrx_word' id='word_1_84' title='bbox 1192 777 1351 823; x_wconf 73' lang='lat' dir='ltr'>praelatos</span> <span class='ocrx_word' id='word_1_85' title='bbox 1379 778 1505 813; x_wconf 84' lang='lat' dir='ltr'>Scotiae</span> <span class='ocrx_word' id='word_1_86' title='bbox 1533 784 1565 813; x_wconf 84' lang='lat' dir='ltr'>et</span> <span class='ocrx_word' id='word_1_87' title='bbox 1597 779 1671 814; x_wconf 92' lang='lat' dir='ltr'>reli-</span> 
     </span>
     <span class='ocr_line' id='line_1_10' title="bbox 268 833 1671 881; baseline 0.001 -12"><span class='ocrx_word' id='word_1_88' title='bbox 268 835 380 881; x_wconf 84' lang='lat' dir='ltr'>giosos</span> <span class='ocrx_word' id='word_1_89' title='bbox 407 839 584 878; x_wconf 85' lang='lat' dir='ltr'>exemptos</span> <span class='ocrx_word' id='word_1_90' title='bbox 610 838 644 866; x_wconf 91' lang='lat' dir='ltr'>et</span> <span class='ocrx_word' id='word_1_91' title='bbox 671 844 739 866; x_wconf 91' lang='lat' dir='ltr'>non</span> <span class='ocrx_word' id='word_1_92' title='bbox 766 838 942 878; x_wconf 79' lang='lat' dir='ltr'>exemptos</span> <span class='ocrx_word' id='word_1_93' title='bbox 969 833 1062 868; x_wconf 70' lang='lat' dir='ltr'>dicto</span> <span class='ocrx_word' id='word_1_94' title='bbox 1091 833 1242 869; x_wconf 87' lang='lat' dir='ltr'>Roberto</span> <span class='ocrx_word' id='word_1_95' title='bbox 1267 835 1479 870; x_wconf 59' lang='lat' dir='ltr'>adhaerentes</span> <span class='ocrx_word' id='word_1_96' title='bbox 1506 842 1539 870; x_wconf 90' lang='lat' dir='ltr'>et</span> <span class='ocrx_word' id='word_1_97' title='bbox 1566 837 1596 870; x_wconf 91' lang='lat' dir='ltr'>ei</span> <span class='ocrx_word' id='word_1_98' title='bbox 1622 837 1671 871; x_wconf 87' lang='lat' dir='ltr'>fa-</span> 
     </span>
     <span class='ocr_line' id='line_1_11' title="bbox 268 890 1671 940; baseline 0.002 -15"><span class='ocrx_word' id='word_1_99' title='bbox 268 897 386 925; x_wconf 87' lang='lat' dir='ltr'>ventes</span> <span class='ocrx_word' id='word_1_100' title='bbox 404 890 587 924; x_wconf 87' lang='lat' dir='ltr'>sententias</span> <span class='ocrx_word' id='word_1_101' title='bbox 605 890 967 924; x_wconf 79' lang='lat' dir='ltr'>excommunicationis</span> <span class='ocrx_word' id='word_1_102' title='bbox 985 896 1019 924; x_wconf 90' lang='lat' dir='ltr'>et</span> <span class='ocrx_word' id='word_1_103' title='bbox 1040 891 1222 933; x_wconf 64' lang='lat' dir='ltr'>interdicti,</span> <span class='ocrx_word' id='word_1_104' title='bbox 1243 905 1320 926; x_wconf 88' lang='lat' dir='ltr'>cum</span> <span class='ocrx_word' id='word_1_105' title='bbox 1333 893 1406 927; x_wconf 87' lang='lat' dir='ltr'>aliis</span> <span class='ocrx_word' id='word_1_106' title='bbox 1424 894 1533 939; x_wconf 86' lang='lat' dir='ltr'>poenis</span> <span class='ocrx_word' id='word_1_107' title='bbox 1548 894 1671 940; x_wconf 81' lang='lat' dir='ltr'>gravis-</span> 
     </span>
     <span class='ocr_line' id='line_1_12' title="bbox 268 947 1671 994; baseline 0.002 -11"><span class='ocrx_word' id='word_1_108' title='bbox 268 948 365 990; x_wconf 72' lang='lat' dir='ltr'>simis,</span> <span class='ocrx_word' id='word_1_109' title='bbox 387 947 658 994; x_wconf 82' lang='lat' dir='ltr'>promulgarunt.</span> <span class='ocrx_word' id='word_1_110' title='bbox 714 947 822 981; x_wconf 85' lang='lat' dir='ltr'>Scotti</span> <span class='ocrx_word' id='word_1_111' title='bbox 845 953 960 981; x_wconf 85' lang='lat' dir='ltr'>autem</span> <span class='ocrx_word' id='word_1_112' title='bbox 984 948 1017 981; x_wconf 88' lang='lat' dir='ltr'>in</span> <span class='ocrx_word' id='word_1_113' title='bbox 1039 948 1227 994; x_wconf 77' lang='lat' dir='ltr'>pertinacia</span> <span class='ocrx_word' id='word_1_114' title='bbox 1250 949 1419 991; x_wconf 84' lang='lat' dir='ltr'>obstinati,</span> <span class='ocrx_word' id='word_1_115' title='bbox 1445 951 1488 985; x_wconf 87' lang='lat' dir='ltr'>de</span> <span class='ocrx_word' id='word_1_116' title='bbox 1505 952 1598 986; x_wconf 91' lang='lat' dir='ltr'>nulla</span> <span class='ocrx_word' id='word_1_117' title='bbox 1616 964 1671 986; x_wconf 83' lang='lat' dir='ltr'>ex-</span> 
     </span>
     <span class='ocr_line' id='line_1_13' title="bbox 268 1005 1671 1054; baseline 0.001 -13"><span class='ocrx_word' id='word_1_118' title='bbox 268 1005 578 1041; x_wconf 80' lang='lat' dir='ltr'>communicatione</span> <span class='ocrx_word' id='word_1_119' title='bbox 606 1010 818 1045; x_wconf 83' lang='lat' dir='ltr'>curaverunt,</span> <span class='ocrx_word' id='word_1_120' title='bbox 851 1017 916 1038; x_wconf 88' lang='lat' dir='ltr'>nec</span> <span class='ocrx_word' id='word_1_121' title='bbox 945 1005 1164 1039; x_wconf 65' lang='lat' dir='ltr'>interdictum</span> <span class='ocrx_word' id='word_1_122' title='bbox 1194 1007 1372 1040; x_wconf 79' lang='lat' dir='ltr'>voluerunt</span> <span class='ocrx_word' id='word_1_123' title='bbox 1403 1008 1435 1041; x_wconf 91' lang='lat' dir='ltr'>in</span> <span class='ocrx_word' id='word_1_124' title='bbox 1467 1008 1582 1054; x_wconf 87' lang='lat' dir='ltr'>aliquo</span> <span class='ocrx_word' id='word_1_125' title='bbox 1612 1009 1671 1044; x_wconf 91' lang='lat' dir='ltr'>ob-</span> 
     </span>
     <span class='ocr_line' id='line_1_14' title="bbox 268 1062 1672 1111; baseline 0.001 -12"><span class='ocrx_word' id='word_1_126' title='bbox 268 1066 409 1099; x_wconf 85' lang='lat' dir='ltr'>servare.</span> <span class='ocrx_word' id='word_1_127' title='bbox 462 1063 544 1097; x_wconf 88' lang='lat' dir='ltr'>Non</span> <span class='ocrx_word' id='word_1_128' title='bbox 571 1063 619 1097; x_wconf 90' lang='lat' dir='ltr'>est</span> <span class='ocrx_word' id='word_1_129' title='bbox 643 1075 726 1109; x_wconf 82' lang='lat' dir='ltr'>ergo</span> <span class='ocrx_word' id='word_1_130' title='bbox 749 1063 940 1096; x_wconf 85' lang='lat' dir='ltr'>mirandum</span> <span class='ocrx_word' id='word_1_131' title='bbox 965 1062 1057 1109; x_wconf 85' lang='lat' dir='ltr'>quod</span> <span class='ocrx_word' id='word_1_132' title='bbox 1085 1064 1197 1109; x_wconf 84' lang='lat' dir='ltr'>gravis</span> <span class='ocrx_word' id='word_1_133' title='bbox 1223 1063 1374 1097; x_wconf 70' lang='lat' dir='ltr'>vindicta</span> <span class='ocrx_word' id='word_1_134' title='bbox 1405 1064 1471 1098; x_wconf 93' lang='lat' dir='ltr'>Dei</span> <span class='ocrx_word' id='word_1_135' title='bbox 1498 1066 1615 1111; x_wconf 86' lang='lat' dir='ltr'>postea</span> <span class='ocrx_word' id='word_1_136' title='bbox 1639 1067 1672 1100; x_wconf 89' lang='lat' dir='ltr'>in</span> 
     </span>
     <span class='ocr_line' id='line_1_15' title="bbox 269 1120 1674 1170; baseline 0.001 -13"><span class='ocrx_word' id='word_1_137' title='bbox 269 1123 418 1157; x_wconf 88' lang='lat' dir='ltr'>adventu</span> <span class='ocrx_word' id='word_1_138' title='bbox 448 1122 516 1156; x_wconf 86' lang='lat' dir='ltr'>veri</span> <span class='ocrx_word' id='word_1_139' title='bbox 544 1120 679 1155; x_wconf 86' lang='lat' dir='ltr'>heredis</span> <span class='ocrx_word' id='word_1_140' title='bbox 707 1121 803 1167; x_wconf 81' lang='lat' dir='ltr'>regni</span> <span class='ocrx_word' id='word_1_141' title='bbox 834 1121 925 1155; x_wconf 84' lang='lat' dir='ltr'>venit</span> <span class='ocrx_word' id='word_1_142' title='bbox 953 1121 1051 1167; x_wconf 89' lang='lat' dir='ltr'>super</span> <span class='ocrx_word' id='word_1_143' title='bbox 1081 1121 1245 1167; x_wconf 88' lang='lat' dir='ltr'>populum</span> <span class='ocrx_word' id='word_1_144' title='bbox 1277 1127 1347 1155; x_wconf 90' lang='lat' dir='ltr'>tam</span> <span class='ocrx_word' id='word_1_145' title='bbox 1374 1121 1547 1164; x_wconf 79' lang='lat' dir='ltr'>rebellem,</span> <span class='ocrx_word' id='word_1_146' title='bbox 1578 1123 1674 1170; x_wconf 87' lang='lat' dir='ltr'>cujus</span> 
     </span>
     <span class='ocr_line' id='line_1_16' title="bbox 269 1178 1673 1227; baseline 0.001 -12"><span class='ocrx_word' id='word_1_147' title='bbox 269 1186 382 1227; x_wconf 87' lang='lat' dir='ltr'>caput,</span> <span class='ocrx_word' id='word_1_148' title='bbox 402 1192 470 1214; x_wconf 90' lang='lat' dir='ltr'>non</span> <span class='ocrx_word' id='word_1_149' title='bbox 489 1179 565 1213; x_wconf 87' lang='lat' dir='ltr'>dieo</span> <span class='ocrx_word' id='word_1_150' title='bbox 584 1191 641 1213; x_wconf 76' lang='lat' dir='ltr'>rex</span> <span class='ocrx_word' id='word_1_151' title='bbox 668 1178 725 1213; x_wconf 87' lang='lat' dir='ltr'>sed</span> <span class='ocrx_word' id='word_1_152' title='bbox 750 1179 904 1218; x_wconf 88' lang='lat' dir='ltr'>intrusor,</span> <span class='ocrx_word' id='word_1_153' title='bbox 931 1179 1044 1213; x_wconf 83' lang='lat' dir='ltr'>claves</span> <span class='ocrx_word' id='word_1_154' title='bbox 1072 1179 1197 1214; x_wconf 57' lang='lat' dir='ltr'>sanctae</span> <span class='ocrx_word' id='word_1_155' title='bbox 1215 1180 1331 1214; x_wconf 84' lang='lat' dir='ltr'>matris</span> <span class='ocrx_word' id='word_1_156' title='bbox 1358 1180 1507 1215; x_wconf 83' lang='lat' dir='ltr'>ecclefiae</span> <span class='ocrx_word' id='word_1_157' title='bbox 1532 1180 1576 1215; x_wconf 91' lang='lat' dir='ltr'>fic</span> <span class='ocrx_word' id='word_1_158' title='bbox 1594 1193 1673 1216; x_wconf 93' lang='lat' dir='ltr'>con—</span> 
     </span>
     <span class='ocr_line' id='line_1_17' title="bbox 269 1239 412 1285; baseline -0.007 -11"><span class='ocrx_word' id='word_1_159' title='bbox 269 1239 412 1285; x_wconf 87' lang='lat' dir='ltr'>tempsit.</span> 
     </span>
    </p>

    <p class='ocr_par' dir='ltr' id='par_1_3' title="bbox 269 1294 1675 2037">
     <span class='ocr_line' id='line_1_18' title="bbox 319 1294 1674 1343; baseline 0.001 -13"><span class='ocrx_word' id='word_1_160' title='bbox 319 1297 413 1337; x_wconf 84' lang='lat' dir='ltr'>Quid</span> <span class='ocrx_word' id='word_1_161' title='bbox 427 1309 509 1343; x_wconf 82' lang='lat' dir='ltr'>ergo</span> <span class='ocrx_word' id='word_1_162' title='bbox 528 1308 692 1343; x_wconf 83' lang='lat' dir='ltr'>germano</span> <span class='ocrx_word' id='word_1_163' title='bbox 713 1296 771 1330; x_wconf 86' lang='lat' dir='ltr'>suo</span> <span class='ocrx_word' id='word_1_164' title='bbox 792 1295 962 1329; x_wconf 85' lang='lat' dir='ltr'>Edwardo</span> <span class='ocrx_word' id='word_1_165' title='bbox 980 1295 1013 1329; x_wconf 89' lang='lat' dir='ltr'>in</span> <span class='ocrx_word' id='word_1_166' title='bbox 1034 1294 1201 1329; x_wconf 87' lang='lat' dir='ltr'>Hibernia</span> <span class='ocrx_word' id='word_1_167' title='bbox 1220 1295 1343 1330; x_wconf 89' lang='lat' dir='ltr'>accidit</span> <span class='ocrx_word' id='word_1_168' title='bbox 1355 1296 1544 1331; x_wconf 88' lang='lat' dir='ltr'>audiamus.</span> <span class='ocrx_word' id='word_1_169' title='bbox 1582 1297 1674 1332; x_wconf 86' lang='lat' dir='ltr'>Infra</span> 
     </span>
     <span class='ocr_line' id='line_1_19' title="bbox 269 1352 1674 1402; baseline -0.002 -12"><span class='ocrx_word' id='word_1_170' title='bbox 269 1355 478 1402; x_wconf 86' lang='lat' dir='ltr'>quindenam</span> <span class='ocrx_word' id='word_1_171' title='bbox 490 1354 564 1400; x_wconf 84' lang='lat' dir='ltr'>post</span> <span class='ocrx_word' id='word_1_172' title='bbox 574 1354 694 1388; x_wconf 87' lang='lat' dir='ltr'>festum</span> <span class='ocrx_word' id='word_1_173' title='bbox 714 1354 821 1388; x_wconf 69' lang='lat' dir='ltr'>sancti</span> <span class='ocrx_word' id='word_1_174' title='bbox 835 1352 1016 1387; x_wconf 85' lang='lat' dir='ltr'>Michaelis</span> <span class='ocrx_word' id='word_1_175' title='bbox 1037 1352 1137 1399; x_wconf 65' lang='lat' dir='ltr'>[Ost.</span> <span class='ocrx_word' id='word_1_176' title='bbox 1160 1352 1217 1399; x_wconf 88' lang='lat'>13]</span> <span class='ocrx_word' id='word_1_177' title='bbox 1234 1353 1325 1387; x_wconf 89' lang='lat' dir='ltr'>venit</span> <span class='ocrx_word' id='word_1_178' title='bbox 1344 1353 1413 1399; x_wconf 89' lang='lat' dir='ltr'>ipse</span> <span class='ocrx_word' id='word_1_179' title='bbox 1431 1353 1543 1388; x_wconf 84' lang='lat' dir='ltr'>versus</span> <span class='ocrx_word' id='word_1_180' title='bbox 1560 1353 1674 1388; x_wconf 91' lang='lat' dir='ltr'>villam</span> 
     </span>
     <span class='ocr_line' id='line_1_20' title="bbox 269 1410 1674 1457; baseline -0.002 -9"><span class='ocrx_word' id='word_1_181' title='bbox 269 1414 312 1448; x_wconf 93' lang='lat' dir='ltr'>de</span> <span class='ocrx_word' id='word_1_182' title='bbox 332 1413 499 1447; x_wconf 86' lang='lat' dir='ltr'>Dundalk</span> <span class='ocrx_word' id='word_1_183' title='bbox 518 1424 595 1446; x_wconf 92' lang='lat' dir='ltr'>cum</span> <span class='ocrx_word' id='word_1_184' title='bbox 616 1411 778 1445; x_wconf 89' lang='lat' dir='ltr'>Hibernis</span> <span class='ocrx_word' id='word_1_185' title='bbox 794 1411 854 1445; x_wconf 88' lang='lat' dir='ltr'>fibi</span> <span class='ocrx_word' id='word_1_186' title='bbox 872 1410 1134 1451; x_wconf 59' lang='lat' dir='ltr'>adhaerentibus,</span> <span class='ocrx_word' id='word_1_187' title='bbox 1163 1416 1197 1445; x_wconf 86' lang='lat' dir='ltr'>et</span> <span class='ocrx_word' id='word_1_188' title='bbox 1220 1423 1348 1457; x_wconf 85' lang='lat' dir='ltr'>magno</span> <span class='ocrx_word' id='word_1_189' title='bbox 1367 1411 1517 1446; x_wconf 85' lang='lat' dir='ltr'>exercitu</span> <span class='ocrx_word' id='word_1_190' title='bbox 1539 1411 1674 1446; x_wconf 84' lang='lat' dir='ltr'>Scotto-</span> 
     </span>
     <span class='ocr_line' id='line_1_21' title="bbox 270 1468 1674 1517; baseline -0.002 -11"><span class='ocrx_word' id='word_1_191' title='bbox 270 1483 354 1513; x_wconf 89' lang='lat' dir='ltr'>rum,</span> <span class='ocrx_word' id='word_1_192' title='bbox 375 1471 433 1517; x_wconf 88' lang='lat' dir='ltr'>qui</span> <span class='ocrx_word' id='word_1_193' title='bbox 457 1470 500 1504; x_wconf 90' lang='lat' dir='ltr'>de</span> <span class='ocrx_word' id='word_1_194' title='bbox 521 1482 609 1504; x_wconf 86' lang='lat' dir='ltr'>novo</span> <span class='ocrx_word' id='word_1_195' title='bbox 636 1475 799 1503; x_wconf 86' lang='lat' dir='ltr'>venerant</span> <span class='ocrx_word' id='word_1_196' title='bbox 825 1469 858 1502; x_wconf 89' lang='lat' dir='ltr'>in</span> <span class='ocrx_word' id='word_1_197' title='bbox 878 1468 1080 1503; x_wconf 86' lang='lat' dir='ltr'>Hiberniam</span> <span class='ocrx_word' id='word_1_198' title='bbox 1099 1469 1133 1502; x_wconf 89' lang='lat' dir='ltr'>in</span> <span class='ocrx_word' id='word_1_199' title='bbox 1160 1469 1322 1503; x_wconf 80' lang='lat' dir='ltr'>auxilium</span> <span class='ocrx_word' id='word_1_200' title='bbox 1347 1469 1420 1515; x_wconf 89' lang='lat' dir='ltr'>ejus</span> <span class='ocrx_word' id='word_1_201' title='bbox 1445 1469 1488 1503; x_wconf 93' lang='lat' dir='ltr'>ad</span> <span class='ocrx_word' id='word_1_202' title='bbox 1515 1469 1674 1503; x_wconf 87' lang='lat' dir='ltr'>invaden-</span> 
     </span>
     <span class='ocr_line' id='line_1_22' title="bbox 270 1526 1675 1574; baseline -0.002 -10"><span class='ocrx_word' id='word_1_203' title='bbox 270 1530 352 1564; x_wconf 90' lang='lat' dir='ltr'>dum</span> <span class='ocrx_word' id='word_1_204' title='bbox 380 1534 414 1563; x_wconf 84' lang='lat' dir='ltr'>et</span> <span class='ocrx_word' id='word_1_205' title='bbox 439 1527 680 1563; x_wconf 84' lang='lat' dir='ltr'>destruendum</span> <span class='ocrx_word' id='word_1_206' title='bbox 707 1533 830 1561; x_wconf 89' lang='lat' dir='ltr'>terram</span> <span class='ocrx_word' id='word_1_207' title='bbox 862 1527 953 1561; x_wconf 88' lang='lat' dir='ltr'>illam</span> <span class='ocrx_word' id='word_1_208' title='bbox 981 1532 1015 1560; x_wconf 89' lang='lat' dir='ltr'>et</span> <span class='ocrx_word' id='word_1_209' title='bbox 1041 1526 1196 1561; x_wconf 87' lang='lat' dir='ltr'>homines</span> <span class='ocrx_word' id='word_1_210' title='bbox 1226 1527 1316 1573; x_wconf 83' lang='lat' dir='ltr'>regis</span> <span class='ocrx_word' id='word_1_211' title='bbox 1345 1527 1482 1574; x_wconf 83' lang='lat' dir='ltr'>Angliae</span> <span class='ocrx_word' id='word_1_212' title='bbox 1510 1532 1675 1573; x_wconf 89' lang='lat' dir='ltr'>quantum</span> 
     </span>
     <span class='ocr_line' id='line_1_23' title="bbox 271 1584 1675 1634; baseline -0.001 -13"><span class='ocrx_word' id='word_1_213' title='bbox 271 1587 413 1634; x_wconf 80' lang='lat' dir='ltr'>pofl&#39;ent.</span> <span class='ocrx_word' id='word_1_214' title='bbox 469 1586 549 1627; x_wconf 82' lang='lat' dir='ltr'>Sed,</span> <span class='ocrx_word' id='word_1_215' title='bbox 580 1585 658 1619; x_wconf 91' lang='lat' dir='ltr'>Deo</span> <span class='ocrx_word' id='word_1_216' title='bbox 685 1584 882 1630; x_wconf 86' lang='lat' dir='ltr'>adjuvante,</span> <span class='ocrx_word' id='word_1_217' title='bbox 909 1597 930 1618; x_wconf 88' lang='lat' dir='ltr'>a</span> <span class='ocrx_word' id='word_1_218' title='bbox 953 1585 1071 1630; x_wconf 88' lang='lat' dir='ltr'>paucis</span> <span class='ocrx_word' id='word_1_219' title='bbox 1098 1590 1132 1618; x_wconf 89' lang='lat' dir='ltr'>et</span> <span class='ocrx_word' id='word_1_220' title='bbox 1158 1585 1379 1630; x_wconf 86' lang='lat' dir='ltr'>popularibus</span> <span class='ocrx_word' id='word_1_221' title='bbox 1404 1585 1475 1619; x_wconf 85' lang='lat' dir='ltr'>fere</span> <span class='ocrx_word' id='word_1_222' title='bbox 1493 1597 1612 1619; x_wconf 88' lang='lat' dir='ltr'>omnes</span> <span class='ocrx_word' id='word_1_223' title='bbox 1629 1585 1675 1619; x_wconf 89' lang='lat' dir='ltr'>illi</span> 
     </span>
     <span class='ocr_line' id='line_1_24' title="bbox 272 1642 1675 1690; baseline -0.001 -11"><span class='ocrx_word' id='word_1_224' title='bbox 272 1644 444 1680; x_wconf 65' lang='lat' dir='ltr'>interfecti</span> <span class='ocrx_word' id='word_1_225' title='bbox 463 1644 547 1684; x_wconf 89' lang='lat' dir='ltr'>sunt,</span> <span class='ocrx_word' id='word_1_226' title='bbox 568 1643 645 1677; x_wconf 90' lang='lat' dir='ltr'>solis</span> <span class='ocrx_word' id='word_1_227' title='bbox 663 1643 727 1677; x_wconf 81' lang='lat' dir='ltr'>illis</span> <span class='ocrx_word' id='word_1_228' title='bbox 746 1642 899 1688; x_wconf 86' lang='lat' dir='ltr'>exceptis</span> <span class='ocrx_word' id='word_1_229' title='bbox 917 1643 975 1689; x_wconf 90' lang='lat' dir='ltr'>qui</span> <span class='ocrx_word' id='word_1_230' title='bbox 993 1642 1170 1677; x_wconf 84' lang='lat' dir='ltr'>evaserunt</span> <span class='ocrx_word' id='word_1_231' title='bbox 1188 1654 1248 1688; x_wconf 92' lang='lat' dir='ltr'>per</span> <span class='ocrx_word' id='word_1_232' title='bbox 1265 1643 1405 1690; x_wconf 86' lang='lat' dir='ltr'>fugam3</span> <span class='ocrx_word' id='word_1_233' title='bbox 1426 1655 1503 1677; x_wconf 91' lang='lat' dir='ltr'>cum</span> <span class='ocrx_word' id='word_1_234' title='bbox 1521 1643 1554 1677; x_wconf 89' lang='lat' dir='ltr'>hi</span> <span class='ocrx_word' id='word_1_235' title='bbox 1573 1643 1675 1679; x_wconf 88' lang='lat' dir='ltr'>habe-</span> 
     </span>
     <span class='ocr_line' id='line_1_25' title="bbox 272 1700 1675 1747; baseline -0.003 -10"><span class='ocrx_word' id='word_1_236' title='bbox 272 1709 346 1737; x_wconf 89' lang='lat' dir='ltr'>rent</span> <span class='ocrx_word' id='word_1_237' title='bbox 370 1708 438 1737; x_wconf 86' lang='lat' dir='ltr'>tres</span> <span class='ocrx_word' id='word_1_238' title='bbox 460 1702 563 1741; x_wconf 86' lang='lat' dir='ltr'>acies,</span> <span class='ocrx_word' id='word_1_239' title='bbox 583 1701 630 1735; x_wconf 83' lang='lat' dir='ltr'>ita</span> <span class='ocrx_word' id='word_1_240' title='bbox 654 1700 824 1734; x_wconf 89' lang='lat' dir='ltr'>distabant</span> <span class='ocrx_word' id='word_1_241' title='bbox 849 1700 892 1734; x_wconf 88' lang='lat' dir='ltr'>ab</span> <span class='ocrx_word' id='word_1_242' title='bbox 914 1700 1057 1734; x_wconf 85' lang='lat' dir='ltr'>invicem</span> <span class='ocrx_word' id='word_1_243' title='bbox 1077 1700 1170 1746; x_wconf 89' lang='lat' dir='ltr'>quod</span> <span class='ocrx_word' id='word_1_244' title='bbox 1196 1701 1393 1747; x_wconf 86' lang='lat' dir='ltr'>expeditum</span> <span class='ocrx_word' id='word_1_245' title='bbox 1417 1701 1481 1735; x_wconf 89' lang='lat' dir='ltr'>fuit</span> <span class='ocrx_word' id='word_1_246' title='bbox 1499 1701 1541 1737; x_wconf 86' lang='lat' dir='ltr'>de</span> <span class='ocrx_word' id='word_1_247' title='bbox 1568 1701 1675 1747; x_wconf 90' lang='lat' dir='ltr'>prima</span> 
     </span>
     <span class='ocr_line' id='line_1_26' title="bbox 273 1758 1675 1806; baseline -0.001 -12"><span class='ocrx_word' id='word_1_248' title='bbox 273 1761 346 1795; x_wconf 86' lang='lat' dir='ltr'>acie</span> <span class='ocrx_word' id='word_1_249' title='bbox 373 1766 559 1806; x_wconf 88' lang='lat' dir='ltr'>antequam</span> <span class='ocrx_word' id='word_1_250' title='bbox 583 1759 730 1793; x_wconf 83' lang='lat' dir='ltr'>secunda</span> <span class='ocrx_word' id='word_1_251' title='bbox 747 1759 887 1800; x_wconf 81' lang='lat' dir='ltr'>veniret,</span> <span class='ocrx_word' id='word_1_252' title='bbox 911 1764 945 1792; x_wconf 90' lang='lat' dir='ltr'>et</span> <span class='ocrx_word' id='word_1_253' title='bbox 967 1758 1011 1793; x_wconf 92' lang='lat' dir='ltr'>de</span> <span class='ocrx_word' id='word_1_254' title='bbox 1032 1758 1181 1793; x_wconf 90' lang='lat' dir='ltr'>secunda</span> <span class='ocrx_word' id='word_1_255' title='bbox 1205 1764 1390 1805; x_wconf 86' lang='lat' dir='ltr'>antequam</span> <span class='ocrx_word' id='word_1_256' title='bbox 1416 1759 1526 1798; x_wconf 87' lang='lat' dir='ltr'>tertia,</span> <span class='ocrx_word' id='word_1_257' title='bbox 1552 1759 1584 1792; x_wconf 95' lang='lat' dir='ltr'>in</span> <span class='ocrx_word' id='word_1_258' title='bbox 1606 1770 1675 1804; x_wconf 91' lang='lat' dir='ltr'>qua</span> 
     </span>
     <span class='ocr_line' id='line_1_27' title="bbox 273 1815 1675 1862; baseline -0.002 -10"><span class='ocrx_word' id='word_1_259' title='bbox 273 1823 347 1852; x_wconf 87' lang='lat' dir='ltr'>erat</span> <span class='ocrx_word' id='word_1_260' title='bbox 366 1817 565 1858; x_wconf 89' lang='lat' dir='ltr'>Edwardus,</span> <span class='ocrx_word' id='word_1_261' title='bbox 585 1817 695 1862; x_wconf 85' lang='lat' dir='ltr'>potuit</span> <span class='ocrx_word' id='word_1_262' title='bbox 714 1816 877 1862; x_wconf 85' lang='lat' dir='ltr'>adjuvare</span> <span class='ocrx_word' id='word_1_263' title='bbox 893 1829 902 1858; x_wconf 75' lang='grc' dir='ltr'><strong>ς</strong></span> <span class='ocrx_word' id='word_1_264' title='bbox 931 1816 1055 1850; x_wconf 91' lang='lat' dir='ltr'>corruit</span> <span class='ocrx_word' id='word_1_265' title='bbox 1074 1822 1190 1850; x_wconf 89' lang='lat' dir='ltr'>autem</span> <span class='ocrx_word' id='word_1_266' title='bbox 1208 1816 1265 1851; x_wconf 91' lang='lat' dir='ltr'>illa</span> <span class='ocrx_word' id='word_1_267' title='bbox 1283 1817 1392 1857; x_wconf 81' lang='lat' dir='ltr'>tertia,</span> <span class='ocrx_word' id='word_1_268' title='bbox 1409 1816 1492 1850; x_wconf 87' lang='lat' dir='ltr'>ficut</span> <span class='ocrx_word' id='word_1_269' title='bbox 1506 1815 1582 1849; x_wconf 88' lang='lat' dir='ltr'>duae</span> <span class='ocrx_word' id='word_1_270' title='bbox 1600 1815 1675 1850; x_wconf 79' lang='lat' dir='ltr'>aliae</span> 
     </span>
     <span class='ocr_line' id='line_1_28' title="bbox 274 1873 1673 1922; baseline 0 -13"><span class='ocrx_word' id='word_1_271' title='bbox 274 1875 519 1922; x_wconf 69' lang='lat' dir='ltr'>praecedentes.</span> <span class='ocrx_word' id='word_1_272' title='bbox 572 1873 760 1907; x_wconf 86' lang='lat' dir='ltr'>Edwardus</span> <span class='ocrx_word' id='word_1_273' title='bbox 784 1873 879 1907; x_wconf 89' lang='lat' dir='ltr'>fimul</span> <span class='ocrx_word' id='word_1_274' title='bbox 903 1886 1063 1908; x_wconf 88' lang='lat' dir='ltr'>corruens</span> <span class='ocrx_word' id='word_1_275' title='bbox 1081 1874 1145 1908; x_wconf 88' lang='lat' dir='ltr'>fuit</span> <span class='ocrx_word' id='word_1_276' title='bbox 1163 1874 1353 1908; x_wconf 88' lang='lat' dir='ltr'>decollatus</span> <span class='ocrx_word' id='word_1_277' title='bbox 1371 1874 1445 1920; x_wconf 91' lang='lat' dir='ltr'>post</span> <span class='ocrx_word' id='word_1_278' title='bbox 1466 1879 1621 1913; x_wconf 89' lang='lat' dir='ltr'>mortem,</span> <span class='ocrx_word' id='word_1_279' title='bbox 1640 1880 1673 1909; x_wconf 84' lang='lat' dir='ltr'>et</span> 
     </span>
     <span class='ocr_line' id='line_1_29' title="bbox 274 1931 1674 1979; baseline -0.001 -12"><span class='ocrx_word' id='word_1_280' title='bbox 274 1944 397 1979; x_wconf 83' lang='lat' dir='ltr'>corpus</span> <span class='ocrx_word' id='word_1_281' title='bbox 415 1933 511 1966; x_wconf 87' lang='lat' dir='ltr'>suum</span> <span class='ocrx_word' id='word_1_282' title='bbox 529 1931 669 1965; x_wconf 86' lang='lat' dir='ltr'>divisum</span> <span class='ocrx_word' id='word_1_283' title='bbox 695 1931 729 1964; x_wconf 90' lang='lat' dir='ltr'>in</span> <span class='ocrx_word' id='word_1_284' title='bbox 747 1936 893 1976; x_wconf 88' lang='lat' dir='ltr'>quatuor</span> <span class='ocrx_word' id='word_1_285' title='bbox 911 1937 1035 1977; x_wconf 87' lang='lat' dir='ltr'>partes,</span> <span class='ocrx_word' id='word_1_286' title='bbox 1063 1936 1097 1965; x_wconf 88' lang='lat' dir='ltr'>et</span> <span class='ocrx_word' id='word_1_287' title='bbox 1115 1937 1228 1977; x_wconf 88' lang='lat' dir='ltr'>partes</span> <span class='ocrx_word' id='word_1_288' title='bbox 1254 1932 1320 1966; x_wconf 84' lang='lat' dir='ltr'>illae</span> <span class='ocrx_word' id='word_1_289' title='bbox 1338 1931 1440 1966; x_wconf 82' lang='lat' dir='ltr'>miffae</span> <span class='ocrx_word' id='word_1_290' title='bbox 1467 1932 1510 1966; x_wconf 88' lang='lat' dir='ltr'>ad</span> <span class='ocrx_word' id='word_1_291' title='bbox 1528 1937 1674 1978; x_wconf 88' lang='lat' dir='ltr'>quatuor</span> 
     </span>
     <span class='ocr_line' id='line_1_30' title="bbox 275 1988 800 2037; baseline -0.006 -12"><span class='ocrx_word' id='word_1_292' title='bbox 275 1990 372 2025; x_wconf 88' lang='lat' dir='ltr'>villas</span> <span class='ocrx_word' id='word_1_293' title='bbox 390 1989 593 2037; x_wconf 86' lang='lat' dir='ltr'>principales</span> <span class='ocrx_word' id='word_1_294' title='bbox 613 1988 800 2023; x_wconf 83' lang='lat' dir='ltr'>Hiberniae.</span> 
     </span>
    </p>
   </div>
   <div class='ocr_carea' id='block_1_3' title="bbox 740 2104 1209 2128">
    <p class='ocr_par' dir='ltr' id='par_1_4' title="bbox 740 2104 1209 2128">
     <span class='ocr_line' id='line_1_31' title="bbox 740 2104 1209 2128; baseline 0 -1"><span class='ocrx_word' id='word_1_295' title='bbox 740 2104 838 2127; x_wconf 88' lang='lat' dir='ltr'>ANNO</span> <span class='ocrx_word' id='word_1_296' title='bbox 857 2104 991 2128; x_wconf 93' lang='lat' dir='ltr'>DOMINI</span> <span class='ocrx_word' id='word_1_297' title='bbox 1010 2104 1209 2128; x_wconf 83' lang='lat' dir='ltr'>M.ccc.xlx.</span> 
     </span>
    </p>
   </div>
   <div class='ocr_carea' id='block_1_4' title="bbox 281 2160 1673 2326">
    <p class='ocr_par' dir='ltr' id='par_1_5' title="bbox 281 2160 1673 2326">
     <span class='ocr_line' id='line_1_32' title="bbox 327 2160 1673 2208; baseline 0.001 -12"><span class='ocrx_word' id='word_1_298' title='bbox 327 2162 429 2196; x_wconf 88' lang='lat' dir='ltr'>Circa</span> <span class='ocrx_word' id='word_1_299' title='bbox 445 2161 568 2196; x_wconf 87' lang='lat' dir='ltr'>festum</span> <span class='ocrx_word' id='word_1_300' title='bbox 585 2161 770 2195; x_wconf 86' lang='lat' dir='ltr'>nativitatis</span> <span class='ocrx_word' id='word_1_301' title='bbox 789 2161 880 2195; x_wconf 90' lang='lat' dir='ltr'>beati</span> <span class='ocrx_word' id='word_1_302' title='bbox 898 2160 1065 2196; x_wconf 65' lang='lat' dir='ltr'>,Iohannis</span> <span class='ocrx_word' id='word_1_303' title='bbox 1082 2160 1237 2208; x_wconf 68' lang='lat' dir='ltr'>baptistae</span> <span class='ocrx_word' id='word_1_304' title='bbox 1257 2161 1353 2208; x_wconf 90' lang='lat' dir='ltr'>[Jun.</span> <span class='ocrx_word' id='word_1_305' title='bbox 1372 2162 1434 2208; x_wconf 81' lang='lat'>24]</span> <span class='ocrx_word' id='word_1_306' title='bbox 1462 2162 1543 2197; x_wconf 64' lang='lat' dir='ltr'>victi</span> <span class='ocrx_word' id='word_1_307' title='bbox 1561 2163 1635 2197; x_wconf 90' lang='lat' dir='ltr'>sunt</span> <span class='ocrx_word' id='word_1_308' title='bbox 1653 2176 1673 2197; x_wconf 85' lang='lat' dir='ltr'>a</span> 
     </span>
     <span class='ocr_line' id='line_1_33' title="bbox 281 2218 912 2265; baseline -0.005 -10"><span class='ocrx_word' id='word_1_309' title='bbox 281 2219 462 2255; x_wconf 87' lang='lat' dir='ltr'>Saracenis</span> <span class='ocrx_word' id='word_1_310' title='bbox 479 2219 513 2253; x_wconf 90' lang='lat' dir='ltr'>in</span> <span class='ocrx_word' id='word_1_311' title='bbox 534 2218 698 2265; x_wconf 86' lang='lat' dir='ltr'>Hispania</span> <span class='ocrx_word' id='word_1_312' title='bbox 720 2218 912 2253; x_wconf 87' lang='lat' dir='ltr'>Christiani.</span> 
     </span>
     <span class='ocr_line' id='line_1_34' title="bbox 327 2276 1672 2326; baseline 0.001 -14"><span class='ocrx_word' id='word_1_313' title='bbox 327 2277 462 2312; x_wconf 90' lang='lat' dir='ltr'>Eodem</span> <span class='ocrx_word' id='word_1_314' title='bbox 479 2277 582 2312; x_wconf 84' lang='lat' dir='ltr'>etiam</span> <span class='ocrx_word' id='word_1_315' title='bbox 601 2288 701 2318; x_wconf 88' lang='lat' dir='ltr'>anno,</span> <span class='ocrx_word' id='word_1_316' title='bbox 720 2276 816 2311; x_wconf 63' lang='lat' dir='ltr'>facta</span> <span class='ocrx_word' id='word_1_317' title='bbox 837 2276 1019 2311; x_wconf 85' lang='lat' dir='ltr'>concordia</span> <span class='ocrx_word' id='word_1_318' title='bbox 1036 2276 1139 2318; x_wconf 89' lang='lat' dir='ltr'>finali,</span> <span class='ocrx_word' id='word_1_319' title='bbox 1158 2282 1196 2312; x_wconf 84' lang='lat' dir='ltr'>ut</span> <span class='ocrx_word' id='word_1_320' title='bbox 1213 2277 1424 2319; x_wconf 85' lang='lat' dir='ltr'>credebatur,</span> <span class='ocrx_word' id='word_1_321' title='bbox 1452 2278 1539 2314; x_wconf 87' lang='lat' dir='ltr'>inter</span> <span class='ocrx_word' id='word_1_322' title='bbox 1556 2290 1672 2326; x_wconf 87' lang='lat' dir='ltr'>regem</span> 
     </span>
    </p>
   </div>
   <div class='ocr_carea' id='block_1_5' title="bbox 1702 1071 1812 1096">
    <p class='ocr_par' dir='ltr' id='par_1_6' title="bbox 1702 1071 1812 1096">
     <span class='ocr_line' id='line_1_35' title="bbox 1702 1071 1812 1096; baseline -0.027 0"><span class='ocrx_word' id='word_1_323' title='bbox 1702 1071 1745 1096; x_wconf 76' lang='lat' dir='ltr'>fol.</span> <span class='ocrx_word' id='word_1_324' title='bbox 1755 1073 1812 1095; x_wconf 75' lang='lat'>218.</span> 
     </span>
    </p>
   </div>
  </div>
 </body>
</html>
