1954 2754
806 263 1075 299 RUBRICS.
1599 262 1666 298 361

391 374 430 397 De
447 371 607 396 combustione
629 370 750 394 Allertone
769 373 792 391 et
813 368 907 399 Burgh—

422 415 512 445 brigge,
523 418 547 436 et
557 412 694 443 spoliatione
707 411 817 440 Rypoun.

393 455 431 477 De
447 453 608 476 combustione
626 451 795 481 Knaresburgh
811 454 833 472 et
853 450 908 472 Cra-

425 502 477 522 ven,
491 498 514 517 et
524 494 623 516 aliorum
635 493 748 515 locorum.

227 577 267 600 101.
281 577 336 604 217,
349 578 370 600 b.
392 577 431 600 De
446 576 554 600 Johanne
571 575 600 598 de
614 574 762 597 Pouderham
777 572 909 596 vindicante

419 618 460 648 jus
471 616 537 647 regni
551 616 652 646 Angliae.

392 659 430 681 De
462 657 628 688 aggregatione
662 654 908 679 excommunicationis

423 703 503 722 contra
516 699 646 721 Robertum
657 697 686 720 de
700 697 782 724 Bruse,
796 701 819 719 et
830 700 909 719 contra

423 740 512 763 clerum
524 744 547 762 et
558 739 681 769 populum.

226 825 265 848 fol,
281 824 336 848 218.
375 824 486 856 ’Bellum
497 825 527 847 de
540 824 618 847 Miton
631 831 671 853 per
684 823 771 846 Scotos.

391 866 430 889 De
445 865 599 888 decollatione
618 864 730 887 Edwardi
745 863 774 886 de
793 864 869 886 Bruse
884 863 909 884 in

423 907 547 929 Hibernia.

390 948 430 970 De
441 947 542 970 adventu
554 947 614 976 regis
626 951 649 969 et
660 947 751 969 comitis
762 946 786 967 in
805 945 912 968 Scotiam.

391 988 430 1010 De
437 988 539 1011 adventu
549 988 671 1010 Scotorum
680 988 703 1009 in
714 987 825 1017 Angliam
835 994 909 1016 usque

428 1028 574 1058 Burubrigg.

393 1070 432 1092 De
446 1070 507 1092 bello
515 1071 584 1100 juxta
597 1070 710 1095 Mittoun¹
729 1069 770 1091 ubi
784 1069 908 1099 Anglicani

420 1115 477 1134 sunt
490 1111 589 1133 confusi.

393 1152 431 1174 De
442 1151 544 1174 adventu
559 1151 691 1174 Scottorum
703 1151 727 1172 in
741 1150 860 1181 Angliam.

394 1193 433 1215 De
442 1197 524 1222 treuga
535 1196 628 1221 accepta
639 1196 723 1214 mutuo
736 1191 795 1213 iuter
806 1199 883 1222 regna.

395 1233 434 1256 De
445 1238 519 1255 morte
531 1240 648 1262 pecorum.

394 1274 433 1296 De
444 1278 519 1296 morte
531 1274 637 1303 piscium.

398 1315 436 1337 De
447 1319 521 1338 morte
533 1315 619 1337 avium.

229 1396 268 1418 sol.
284 1396 339 1424 213,
353 1397 374 1419 b.
397 1396 435 1419 De
446 1397 541 1426 leprosis
552 1397 576 1418 in
591 1397 688 1419 Francia
699 1396 832 1419 combustis,

394 1437 432 1460 De
449 1437 554 1467 captione
573 1442 701 1460 castrorum
720 1444 761 1466 per
777 1436 872 1459 comites
889 1441 911 1459 et

425 1480 530 1502 barones.

394 1520 432 1542 De
452 1519 521 1542 exilio
541 1519 662 1549 utriusque
685 1519 773 1541 domini
798 1519 909 1549 Hugonis

427 1560 606 1589 Dispensatoris.

395 1601 432 1623 De
443 1601 544 1623 adventu
558 1601 689 1623 Scottorum
701 1601 725 1622 iu
739 1600 856 1631 Angliam.

394 1642 433 1664 De
444 1642 564 1664 obsidione
577 1641 683 1671 Tykehil.

396 1683 507 1713 Byrtone.

395 1724 433 1746 De
444 1723 582 1746 confusione
593 1723 664 1752 partis
675 1723 773 1745 comitis.

395 1764 434 1786 De
445 1764 547 1786 adventu
559 1763 650 1786 comitis
661 1768 684 1786 et
696 1771 800 1786 suorum.

230 1847 268 1870 fol.
285 1846 339 1869 219.
378 1847 457 1869 ‘Nota
473 1846 502 1869 de
518 1847 624 1876 captione
647 1846 738 1869 comitis
758 1845 906 1872 Loncastriae,

426 1892 449 1910 et
462 1887 492 1910 de
503 1892 578 1910 morte
589 1888 647 1917 ejus.

394 1929 432 1951 De
442 1929 602 1951 interfectione
613 1928 705 1951 comitis
718 1928 857 1950 Herfordiae.

394 1970 432 1992 De
457 1969 564 1999 captione
586 1969 677 1992 comitis
700 1969 842 1992 Loncastriae
870 1976 910 1998 per

426 2010 585 2033 vicecomitem
599 2009 711 2032 Karleoli.

396 2051 467 2078 Quod
473 2051 583 2074 dominus
593 2051 699 2074 Andreas
708 2051 782 2074 factus
791 2055 825 2073 est
833 2058 910 2073 comes

429 2092 543 2115 Karleoli.

395 2133 470 2163 Hugo
494 2133 647 2162 Dispensator
676 2133 750 2156 factus
773 2138 806 2155 est
833 2140 910 2155 comes

397 2177 400 2180 ’
427 2174 570 2203 Wyntoniae.

394 2214 497 2237 'Utrum
510 2215 615 2238 Christus
633 2215 715 2238 habuit
726 2215 813 2245 aliquid
826 2215 848 2237 in
861 2223 913 2245 pro-

427 2255 477 2284 prio
490 2255 524 2278 vel
537 2256 664 2279 communi.

984 366 1024 389 fol.
1039 366 1094 394 219,
1107 368 1128 389 b.
1151 367 1189 389 De
1200 366 1301 389 adventu
1317 366 1413 388 Roberti
1425 365 1454 388 de
1471 365 1547 388 Brnsc
1558 365 1583 387 in
1597 365 1663 396 Aug<

1181 408 1244 430 liam.

1150 448 1188 471 De
1199 447 1300 470 adventu
1312 448 1372 478 regis
1387 447 1481 478 Angliae
1493 448 1517 470 in
1531 448 1638 470 Scotiam.

1150 490 1189 512 De
1199 490 1301 512 adventu
1314 489 1411 512 Roberti
1429 489 1458 511 de
1472 489 1546 511 Bruse
1557 489 1582 511 in
1598 489 1662 518 Ang-

1180 531 1243 553 liam.

1134 572 1189 594 ‘De
1200 572 1257 602 fuga
1268 571 1328 602 regis
1340 571 1403 600 apud
1417 571 1516 600 Byland.

1149 613 1188 635 De
1199 613 1304 642 captione
1315 613 1406 635 comitis
1419 611 1603 635 Richemundiae.

1148 695 1186 717 De
1195 695 1389 718 confoederatione
1397 694 1488 717 comitis
1498 693 1600 716 Karleoli
1613 700 1667 715 cum

1181 737 1270 759 Scottis.

1152 777 1270 800 Antonius
1281 777 1310 800 de
1322 777 1396 807 Lucy.

1152 818 1190 840 De
1198 818 1304 848 captione
1315 818 1406 840 comitis
1419 817 1532 840 Karieoli.

985 695 1024 718 fol.
1038 694 1093 730 220.

986 901 1025 923 fol.
1040 901 1095 928 220,
1108 902 1130 923 b.
1151 900 1269 924 Sententia
1286 900 1339 923 data
1361 899 1390 922 de
1409 899 1493 922 comite
1513 899 1613 921 Karlioli
1635 898 1664 920 ad

1180 947 1289 964 mortem.

1151 983 1189 1005 De
1200 983 1294 1005 diversis
1302 982 1397 1013 judiciis
1406 982 1465 1004 datis
1477 989 1546 1010 supra
1557 981 1666 1004 comitem

1184 1024 1292 1046 Karlioli.

1134 1065 1214 1088 ‘Nota
1225 1065 1288 1095 quod
1306 1072 1429 1087 erroneum
1442 1069 1476 1087 est
1493 1064 1569 1087 dicere
1581 1064 1666 1086 Domi-

1182 1114 1240 1129 num
1251 1106 1335 1129 Jesum
1352 1114 1394 1128 nec
1411 1105 1519 1129 hahuisse
1535 1105 1624 1136 aliquid
1640 1105 1665 1127 in

1182 1148 1275 1177 proprio
1286 1147 1320 1169 vel
1331 1147 1460 1170 communi.

1147 1189 1185 1210 De
1196 1188 1283 1218 treugis
1295 1195 1337 1217 pro
1349 1188 1389 1217 xiij
1401 1187 1468 1210 annis
1479 1187 1539 1210 inter
1550 1194 1628 1217 regna.

988 1272 1026 1293 sol.
1041 1271 1097 1294 221.
1151 1271 1281 1300 Imperator
1291 1270 1506 1293 excommunicatur
1518 1277 1558 1299 per
1567 1276 1657 1299 papam.

1152 1312 1190 1334 De
1201 1311 1350 1334 coronatione
1361 1310 1511 1340 imperatoris.

1152 1353 1190 1375 De
1202 1352 1300 1375 transitu
1311 1352 1405 1382 reginae.

1153 1394 1191 1416 De
1207 1393 1283 1416 reditu
1300 1393 1386 1423 reginae
1403 1396 1426 1415 et
1443 1392 1484 1414 filii
1496 1393 1546 1422 ejus
1563 1392 1586 1414 in
1602 1392 1667 1422 Ang-

1184 1434 1247 1456 liam.

972 1518 1010 1540 fol.
1026 1518 1081 1545 221,
1095 1519 1116 1540 b.
1140 1517 1177 1539 De
1188 1517 1341 1539 decollatione
1353 1515 1453 1545 episcopi
1469 1515 1609 1538 Exoniensis
1626 1523 1666 1544 per

1183 1557 1365 1580 Londonienses.

1134 1599 1257 1625 *Qualiter
1268 1606 1307 1620 rex
1322 1597 1395 1620 Scotis
1406 1598 1516 1620 relaxavit
1532 1598 1668 1628 homagium

1183 1647 1260 1662 suum.

1152 1681 1275 1707 *Qualiter
1287 1688 1326 1703 rex
1340 1680 1471 1703 Edwardus
1482 1680 1601 1710 depositus
1612 1680 1664 1703 suit.

1152 1722 1190 1744 De
1206 1722 1312 1751 captione
1326 1721 1386 1752 regis
1407 1726 1429 1743 et
1447 1725 1522 1744 morte
1541 1721 1667 1751 Dispensa-

1184 1763 1247 1785 toris.

1151 1804 1189 1826 De
1206 1803 1357 1833 parliamento
1381 1803 1511 1826 Londoniae
1531 1808 1554 1826 et
1576 1804 1666 1833 deposi-

1183 1845 1245 1867 tione
1256 1845 1324 1875 regis.

986 1929 1024 1950 fol.
1040 1927 1094 1950 222.
1132 1927 1274 1949 'Coronatio
1286 1927 1347 1957 regis
1360 1927 1470 1950 Edwardi
1482 1928 1550 1950 tertii.

1146 1968 1183 1991 De
1195 1968 1342 1991 coronatione
1354 1968 1395 1990 filii
1407 1968 1525 1998 quondam
1543 1970 1610 1999 regis,
1628 1970 1668 1999 qui

1178 2009 1254 2032 dictus
1265 2013 1300 2032 est
1312 2009 1444 2032 Edwardus
1455 2009 1544 2032 tertius.

1152 2050 1189 2072 De
1200 2050 1301 2073 adventu
1315 2050 1446 2073 Scottorum
1458 2058 1512 2074 cum
1529 2051 1631 2073 exercitu
1643 2051 1667 2072 in

1183 2091 1304 2121 Angliam.

1150 2132 1228 2162 Lepta
1241 2132 1337 2155 Roberti
1348 2133 1377 2155 de
1391 2134 1460 2156 Erus.

1151 2173 1190 2195 De
1200 2180 1269 2202 parco
1280 2173 1310 2196 de
1323 2173 1446 2203 Stanhope.

1154 2214 1192 2236 De
1219 2215 1324 2237 evasione
1349 2215 1480 2238 Scottorum
1509 2217 1536 2238 ab
1565 2217 1667 2238 exercitu

1189 2256 1289 2287 Angliae.

1426 2302 1444 2323 Z
1464 2302 1481 2323 Z
