1954 2754
261 283 332 319 256
524 281 880 317 CHRONICON
916 281 990 317 DE
1028 281 1401 317 LANERCOST.
1465 295 1543 319 mn.
1566 283 1668 318 1326.

262 384 428 425 laverunt,
457 390 502 425 et,
530 385 642 419 statim
670 389 882 431 congregata
909 383 1334 424 communitate-civitatis,
1358 383 1503 418 Turrem
1532 383 1669 418 Londo-
1701 393 1852 421 f01.·2-21‚1›.

262 443 404 484 niarum,
437 442 470 477 in
499 455 568 490 qua
595 448 677 477 tunc
700 447 773 476 erat
801 454 884 476 uxor
912 441 1039 476 domini
1070 440 1230 488 Hugonis
1259 441 1414 488 praedifiki
1441 447 1475 476 et
1504 441 1601 475 multi
1627 441 1670 475 de

262 512 369 548 regno
388 501 512 548 captivi
530 506 668 548 propter
686 501 823 535 causam
842 499 975 534 comitis
997 499 1204 534 Loncastriae
1230 499 1473 546 supradictam,
1499 499 1671 534 sortiffime

262 558 465 594 invaserunt.
519 559 670 599 Quidam
700 570 780 593 vero
808 557 851 592 de
879 557 1016 592 civitate
1045 557 1134 592 intus
1162 556 1331 598 exfistens‚
1364 557 1488 604 quibus
1518 557 1671 592 custodia

262 616 387 651 tradita
421 623 494 652 erat
530 616 657 658 Turris,
695 615 874 650 audientes
908 622 942 650 et
982 615 1213 662 intelligentes
1247 615 1361 650 omnia
1397 615 1601 662 supradifita,
1640 621 1673 649 et

262 674 417 709 videntes
436 675 594 709 concives
612 674 688 708 suos
706 674 812 708 feroci
831 674 944 708 animo
966 673 1102 707 Turrim
1121 673 1330 714 invadentes,
1359 673 1579 708 reddiderunt
1598 685 1674 707 eam

262 732 337 774 illis,
367 745 444 767 cum
464 732 621 767 omnibus
639 744 716 778 quae
735 732 825 766 intus
844 737 939 766 erant
966 731 999 765 in
1026 743 1077 772 ea,
1099 737 1169 765 tam
1196 731 1346 777 personis
1372 744 1476 778 quam
1494 731 1612 771 rebus;
1640 737 1674 765 at

262 790 309 824 illi
327 790 432 824 filium
452 790 542 837 regis
555 789 739 836 juniorem,
761 789 937 823 dominum
956 788 1151 823 Johannem
1178 789 1220 823 de
1249 789 1421 830 Elteham,
1448 790 1506 837 qui
1530 790 1675 836 praesens

263 853 335 882 erat
350 848 383 882 in
400 848 512 889 Turri,
533 859 678 894 puerum
697 847 830 881 circiter
848 846 1030 880 duodecim
1044 858 1221 886 annorum,
1237 847 1482 882 constituerunt
1501 847 1675 882 custodem

263 905 425 951 ejusdem,
447 905 491 939 ad
509 917 596 951 opus
614 904 732 939 matris
758 905 826 938 suae
853 910 887 938 et
912 904 1034 945 fratris,
1064 903 1189 938 tradita
1213 903 1272 938 fibi
1298 917 1402 939 manu
1428 905 1541 940 valida
1568 917 1675 940 arma-

262 970 384 997 torum.
440 962 520 997 Cito
552 968 667 997 autem
699 961 774 1008 post
803 961 877 996 haec
907 967 1028 1008 captus
1059 961 1107 995 est
1137 973 1252 996 comes
1282 962 1489 1008 VVyntoniae,
1519 963 1676 998 dominus

264 1020 370 1068 Hugo
391 1020 622 1068 Dispensator,
643 1020 763 1061 senior,
794 1026 827 1054 et
853 1020 887 1053 in
906 1019 1007 1053 armis
1033 1019 1099 1053 suis
1125 1019 1217 1066 apud
1245 1018 1440 1054 Bristollum
1466 1021 1606 1062 tractus,
1634 1033 1677 1055 ne

263 1091 415 1125 unquam
435 1079 553 1126 postea
572 1079 605 1112 in
621 1078 753 1125 Anglia
770 1078 828 1112 illa
847 1089 942 1112 arma
960 1077 1100 1111 ulterius
1118 1082 1344 1124 portarentur,
1366 1083 1399 1112 et
1413 1078 1531 1124 postea
1545 1079 1678 1125 suspen-

262 1139 315 1172 sus
334 1137 392 1179 est,
414 1142 448 1172 et
466 1136 584 1184 postea
603 1136 805 1170 decollatus.
850 1135 993 1170 Modico
1013 1141 1128 1170 autem
1147 1142 1301 1182 tempore
1320 1135 1511 1182 interje&o,
1532 1134 1680 1170 fimiliter

263 1201 384 1242 captus
403 1195 451 1230 est
469 1207 584 1229 comes
601 1194 810 1235 Arundeliae,
831 1194 889 1241 qui
909 1194 1051 1228 duxerat
1070 1193 1173 1227 filiam
1192 1193 1320 1228 domini
1337 1192 1507 1241 Hugonis,
1523 1194 1684 1240 junioris,

264 1259 296 1287 et
314 1254 426 1288 fuerat
445 1265 533 1287 unus
551 1252 594 1287 de
612 1253 703 1299 regis
722 1251 918 1287 confiliariis
937 1263 1014 1286 cum
1036 1251 1200 1298 Hugone,
1227 1257 1261 1286 et
1288 1251 1381 1298 quafi
1408 1252 1441 1286 in
1466 1252 1602 1287 occulto
1622 1252 1679 1286 ad-

257 1311 432 1357 judicatus
445 1310 492 1345 est
504 1310 614 1352 morti,
629 1316 662 1344 et
676 1310 792 1356 postea
805 1309 1006 1344 decollatus.
1047 1309 1185 1343 Interim
1199 1315 1314 1344 autem
1326 1309 1461 1344 liberati
1474 1310 1548 1344 sunt
1561 1322 1679 1344 omnes

262 1369 386 1416 captivi
406 1374 440 1403 et
458 1369 659 1403 incarcerati
679 1369 711 1402 in
733 1368 862 1415 Anglia
880 1374 1019 1415 propter
1038 1368 1174 1402 causam
1195 1367 1328 1402 comitis
1349 1367 1557 1403 Loncastriae
1576 1369 1679 1415 saepe-

263 1427 403 1469 di6‘cam,
424 1432 458 1462 et
477 1427 594 1461 exules
613 1427 688 1460 sunt
706 1426 846 1472 recepti,
875 1431 909 1460 et
934 1431 1031 1460 terrae
1056 1438 1173 1460 eorum
1200 1431 1234 1460 et
1260 1425 1480 1466 hereditates,
1507 1439 1527 1460 a
1555 1426 1679 1473 quibus

263 1490 359 1519 erant
378 1484 587 1524 exheredati,
602 1484 740 1518 fuerunt
759 1484 807 1518 eis
826 1483 978 1530 plenarie
997 1483 1170 1525 restitutae,
1187 1490 1220 1517 et
1239 1483 1316 1518 ideo
1336 1489 1493 1531 prompto
1513 1484 1626 1518 animo
1646 1490 1679 1519 et

262 1542 427 1590 gaudenti
446 1547 579 1589 partem
597 1542 745 1576 dominae
760 1542 888 1588 reginae
906 1546 940 1576 et
958 1541 1016 1575 filii
1036 1541 1259 1588 adjuvaerunt.

312 1601 350 1635 In
369 1600 527 1635 omnibus
547 1606 662 1635 autem
681 1600 732 1635 his
751 1600 909 1634 dominus
927 1612 1042 1634 comes
1063 1599 1270 1640 Leicestriae‚
1290 1605 1323 1634 et
1342 1600 1500 1636 dominus
1521 1600 1678 1648 Rogerus

263 1660 305 1694 de
321 1659 462 1694 Mortuo
474 1659 568 1701 mari,
585 1664 619 1693 et
631 1658 789 1693 dominus
804 1658 823 1693 J
827 1657 981 1692 ohannes
995 1658 1038 1692 de
1059 1657 1233 1700 Hanonia,
1254 1670 1332 1692 cum
1347 1659 1498 1694 exercitu
1512 1671 1630 1706 regem
1645 1663 1678 1692 et

266 1717 452 1765 Hugonem
473 1717 756 1764 Dispensatorem
781 1722 813 1751 et
834 1715 1026 1751 Robertum
1050 1716 1092 1750 de
1121 1715 1257 1751 Baldok
1283 1717 1549 1764 insequebantur
1567 1717 1678 1751 versus

265 1776 491 1815 occidentem,
506 1787 548 1809 ne
567 1776 654 1809 sorte
673 1774 719 1809 ibi
738 1775 901 1809 intrarent
919 1786 1024 1815 mare,
1046 1780 1080 1808 et
1098 1774 1131 1808 in
1148 1773 1351 1809 Hiberniam
1365 1775 1628 1813 transfretarent,
1644 1779 1677 1808 et

265 1833 310 1867 ibi
338 1833 537 1879 colligerent
557 1833 742 1867 exercitum
761 1838 795 1866 et
814 1838 996 1879 gravarent
1021 1832 1186 1878 Angliam
1210 1832 1293 1867 ficut
1317 1833 1420 1879 prius.
1475 1832 1677 1866 Timuerunt

266 1891 369 1925 etiam
388 1890 515 1924 domini
534 1889 720 1936 supradieti
740 1890 832 1936 quod
850 1890 874 1923 fi
901 1902 959 1924 rex
977 1890 1085 1936 pofi'et
1104 1890 1273 1936 attingere
1294 1889 1508 1931 Hiberniam,
1529 1890 1676 1924 0011θᾶὶο

266 1949 311 1983 ibi
343 1948 504 1989 exercitu,
530 1947 683 1981 transiret
713 1947 746 1980 in
776 1947 938 1987 Scoffiam,
968 1953 1002 1981 et
1029 1958 1106 1981 cum
1137 1947 1334 1982 Scottorum
1361 1947 1531 1994 adjutorio
1557 1947 1616 1982 fibi
1644 1955 1677 1982 et.

267 2006 463 2041 Hibernicis
482 2005 633 2039 adunato
654 2004 819 2051 Angliam
845 2005 1074 2051 impugnaret.
1128 2004 1245 2039 Antea
1271 2005 1372 2047 enirn,
1393 2011 1531 2052 propter
1548 2012 1677 2040 metum

265 2066 485 2112 superventus
522 2062 734 2097 Gallicorum
772 2067 806 2096 et
846 2062 1073 2108 quorumdam
1111 2061 1338 2109 Anglicorum
1372 2075 1450 2097 cum
1491 2064 1611 2110 regina
1645 2065 1677 2098 in

268 2122 443 2170 Angliam,
472 2120 646 2168 scripserat
669 2132 727 2154 rex
758 2120 884 2154 Scottis
910 2132 952 2154 ex
979 2118 1116 2154 consilio
1134 2120 1193 2154 suo
1212 2119 1314 2162 malo,
1343 2126 1377 2154 et
1403 2121 1611 2156 concesserat
1630 2122 1678 2156 eis

267 2181 372 2215 libere
391 2186 514 2214 terram
538 2184 573 2213 et
591 2190 734 2225 regnum
758 2177 893 2219 Scotiae,
918 2189 960 2212 ne
987 2183 1142 2212 tenerent
1169 2189 1245 2212 eam
1272 2178 1358 2212 ultra
1385 2178 1427 2212 de
1455 2178 1569 2225 aliquo
1597 2192 1678 2226 rege

270 2238 418 2285 Angliae,
437 2243 471 2272 et
491 2236 602 2284 (quod
629 2236 726 2283 pejus
752 2235 818 2281 est)
839 2235 1041 2282 adjunxerat
1063 2236 1111 2270 eis
1130 2247 1207 2270 cum
1230 2236 1347 2270 Scotia
1366 2249 1529 2284 magnam
1547 2242 1680 2284 partem

268 2302 432 2330 terrarum
447 2294 625 2329 borialium
637 2293 775 2339 Angliae
787 2306 864 2340 quae
877 2293 997 2328 vicinis
1009 2294 1192 2340 eisjacent‚
1208 2294 1253 2328 ita
1266 2300 1381 2329 tamen
1394 2295 1486 2342 quod
1498 2296 1609 2330 forent
1621 2295 1680 2330 fibi
