1954 2754
252 277 320 309 228
521 272 872 308 CHRONICON
908 272 980 307 DE
1018 272 1385 308 LANERCOST.
1453 277 1657 309 A.n.1314.

253 377 383 418 wicum,
408 375 554 410 fortunae
571 376 638 410 suae
656 387 775 410 omnes
794 375 878 410 alios
896 374 1147 422 derelinquens,
1174 381 1209 410 at
1235 375 1281 409 illi
1300 375 1359 409 viri
1387 375 1501 410 animo
1520 375 1660 410 adunati

254 434 333 469 salvi
351 439 385 469 et
403 434 473 469 sani
492 434 526 468 in
545 433 711 481 Angliam
728 438 893 468 venerunt
911 445 971 480 per
989 433 1129 467 tristam.

305 493 401 528 Sicut
420 498 536 527 autem
553 504 611 527 rex
629 497 664 526 et
686 492 746 526 sua
772 491 931 526 comitiva
957 503 999 526 ex
1026 503 1094 526 una
1111 496 1208 537 parte
1226 491 1388 538 fugerunt
1406 491 1518 526 versus
1538 490 1661 525 Berwi-

253 563 341 593 cum,
361 551 409 585 ita
427 562 543 586 comes
560 550 603 585 de
623 549 784 591 Herford‚
808 555 842 584 et
868 561 983 584 comes
1001 548 1044 584 de
1065 549 1236 595 Anegose,
1257 555 1291 584 et
1309 549 1467 584 dominus
1484 549 1661 584 Johannes

253 610 296 644 de
318 609 481 656 Segrave,
501 614 535 643 et
556 607 714 642 dominus
734 607 906 642 Antonius
932 607 975 641 de
1001 606 1110 653 Lucy,
1128 612 1162 641 et
1180 606 1337 642 dominus
1366 607 1592 654 Ingelrannus
1619 607 1661 642 de

255 666 454 708 Umfravile,
482 678 561 701 cum
578 677 706 712 magna
724 664 941 699 multitudine
958 664 1103 699 militum
1130 670 1164 699 et
1185 665 1329 699 aliorum
1353 665 1506 711 equitum
1524 665 1661 700 sexcen-

253 731 363 760 torum
382 730 416 760 et
430 724 584 771 peditum
601 723 705 763 mille,
723 735 766 758 ex
784 722 851 757 alia
864 728 960 769 parte
974 722 1136 769 fugerunt
1148 723 1260 757 versus
1278 722 1488 758 Karleolum.
1534 722 1662 758 Comes

253 783 296 818 de
317 782 477 818 Penbrok
495 782 529 816 in
547 781 692 828 pedibus
710 781 776 815 suis
794 779 897 815 evafit
918 793 961 815 ex
984 780 1068 822 acie,
1097 785 1131 815 et
1157 792 1235 815 cum
1258 780 1475 815 Walenfibus
1501 781 1661 826 fugienti-

254 841 317 875 bus
329 841 361 875 se
376 839 527 875 salvavit.
566 838 725 873 Praediffi
741 843 856 872 autem
871 838 1012 872 comites
1025 843 1058 872 et
1071 838 1138 877 alii,
1151 838 1209 884 qui
1221 838 1382 885 fugerant
1394 839 1507 874 versus
1521 839 1661 873 Karleo-

252 899 333 939 lum,
350 898 441 944 capti
459 896 582 931 suntin
596 896 650 930 via
663 895 755 942 apud
773 895 918 930 castrum
937 895 979 929 de
996 894 1166 929 Bothevil.
1211 895 1415 931 Vicecomes
1429 897 1531 936 enim,
1550 896 1662 931 custos

253 956 361 997 castri,
381 955 440 1002 qui
459 955 564 1001 usque
583 953 627 988 ad
645 953 728 988 illud
746 958 881 1000 tempus
898 958 1055 987 tenuerat
1073 952 1218 987 castrum
1237 953 1280 987 ad
1299 966 1385 1000 opus
1403 955 1492 1000 regis
1512 954 1659 1001 Angliae,

252 1014 370 1049 videns
388 1013 464 1048 suos
490 1011 700 1059 praevaluiffe
718 1011 751 1046 in
770 1010 871 1052 bello,
900 1009 1047 1057 permifit
1070 1010 1254 1045 nobiliores
1273 1023 1401 1053 eorum,
1422 1012 1480 1058 qui
1498 1012 1545 1046 ibi
1563 1025 1662 1047 vene-

253 1078 339 1112 rant,
358 1072 482 1106 intrare
500 1070 646 1105 castrum
660 1068 753 1117 quafi
769 1069 922 1104 securum
940 1068 1112 1115 refugium
1127 1068 1314 1108 habituros,
1329 1075 1363 1103 et
1381 1081 1458 1103 cum
1477 1069 1661 1109 intrassent,

253 1131 343 1179 cepit
358 1143 429 1171 eos,
448 1135 482 1165 et
499 1128 543 1164 fic
558 1141 617 1164 eos
631 1128 746 1163 dolose
761 1127 908 1174 decepit.
947 1126 1050 1161 Multi
1065 1127 1169 1161 etiam
1184 1132 1280 1161 extra
1295 1126 1439 1161 castrum
1454 1132 1488 1162 et
1502 1127 1535 1161 in
1554 1128 1663 1174 patria

253 1191 521 1235 circumquaque
544 1192 711 1234 vagantes
738 1186 829 1233 capti
852 1186 939 1227 sunt,
967 1190 1002 1220 et
1028 1185 1124 1219 multi
1151 1185 1344 1225 interfe&i;
1375 1185 1553 1220 dicebatur
1580 1197 1663 1232 quo-

253 1260 321 1295 que
345 1246 437 1294 quod
463 1246 588 1281 milites
612 1244 753 1292 quidam
781 1256 801 1278 a
826 1243 1026 1278 mulieribus
1052 1243 1144 1290 capti
1171 1248 1277 1285 erant,
1306 1255 1371 1278 nec
1397 1243 1519 1290 aliquis
1546 1255 1663 1278 eorum

253 1305 321 1341 fine
348 1305 405 1340 vili
433 1303 630 1339 confusione
659 1303 702 1338 ad
731 1302 895 1348 Angliam
926 1301 1036 1336 rediit.
1091 1301 1219 1336 Comes
1247 1307 1362 1336 autem
1396 1301 1599 1343 Herfordiae‚
1629 1308 1663 1336 et

254 1376 370 1399 comes
395 1363 438 1398 de
467 1362 641 1410 Anegose‚
668 1367 703 1396 et
729 1361 886 1395 dominus
913 1360 955 1395 de
981 1360 1145 1406 Segrave‚
1174 1365 1208 1394 et
1234 1359 1392 1394 dominus
1423 1359 1595 1394 Antonius
1622 1360 1664 1394 de

258 1423 364 1469 Lucy,
384 1427 419 1456 et
436 1420 594 1455 dominus
614 1419 828 1467 Ingerannus
850 1418 893 1453 de
914 1417 1114 1459 Umfravile‚
1142 1424 1175 1452 et
1200 1417 1256 1452 alii
1280 1417 1413 1452 nobiles
1432 1418 1490 1465 qui
1517 1424 1613 1453 erant
1632 1419 1664 1452 in

255 1480 374 1521 castro,
394 1479 527 1514 reducti
545 1479 621 1513 sunt
639 1477 682 1512 ad
702 1476 891 1511 Robertum
906 1476 949 1511 de
970 1475 1058 1511 Brus
1072 1482 1106 1510 et
1124 1476 1158 1510 in
1173 1476 1408 1522 captivitatem
1426 1476 1519 1518 miffi,
1540 1482 1575 1511 et
1593 1476 1667 1523 post

256 1538 422 1572 diutinam
444 1536 678 1572 detentionem
702 1547 830 1582 magna
854 1534 1001 1581 pecunia
1024 1534 1100 1568 sunt
1126 1533 1306 1581 redempti.
1360 1534 1439 1569 Post
1465 1534 1665 1581 praedifitam

255 1608 335 1631 vero
354 1595 533 1630 victoriam
558 1593 731 1628 Robertus
755 1593 798 1627 de
824 1592 930 1627 Bruse
955 1592 1180 1626 communiter
1205 1591 1248 1626 ab
1275 1591 1433 1627 omnibus
1459 1605 1517 1627 rex
1540 1592 1666 1627 Scotiae

257 1654 455 1693 vocabatur,
470 1653 552 1700 quia
565 1652 596 1686 vi
612 1658 646 1687 et
665 1652 766 1686 armis
784 1650 937 1685 Scotiam
957 1649 1146 1697 adquifivit.
1201 1649 1304 1684 Circa
1318 1650 1409 1684 idem
1427 1655 1562 1697 tempus
1579 1663 1665 1684 mor-

257 1720 334 1747 tuus
352 1712 401 1746 est
421 1711 610 1758 Philippus,
629 1722 688 1744 rex
707 1709 873 1744 Franciae.

306 1770 417 1804 Parvo
431 1774 546 1804 autem
558 1775 713 1815 tempore
725 1767 799 1814 post
811 1767 937 1814 elapso,
947 1767 1085 1807 scilicet,
1098 1767 1188 1801 circa
1200 1767 1321 1802 festum
1333 1766 1389 1801 Ad
1399 1766 1546 1800 Vincula
1559 1766 1664 1800 sancti

260 1828 352 1862 Petri
369 1827 481 1873 [Aug.
506 1826 552 1872 1],
572 1826 782 1860 intraverunt
798 1825 964 1872 Angliam
977 1825 1077 1871 juxta
1097 1824 1286 1859 Berwicum
1305 1824 1462 1858 dominus
1478 1823 1665 1857 Edwardus

259 1886 302 1920 de
315 1884 433 1925 Bruse,
447 1883 604 1917 dominus
617 1882 636 1917 J
640 1883 768 1916 acobus
780 1882 823 1916 de
837 1882 1007 1929 Douglas,
1020 1881 1040 1916 J
1044 1882 1196 1916 ohannes
1208 1882 1250 1916 de
1269 1881 1401 1922 Soules,
1418 1887 1452 1915 et
1467 1881 1522 1914 alii
1534 1881 1666 1915 nobiles

263 1942 400 1981 Scotiae,
420 1953 497 1976 cum
512 1940 684 1987 equitibus
698 1945 732 1974 et
750 1940 901 1974 exercitu
918 1951 1057 1986 magno,
1077 1945 1111 1973 et
1129 1945 1237 1974 totam
1256 1938 1350 1985 quafi
1369 1937 1664 1978 Norfflumbriam,

261 2000 412 2047 exceptis
431 1998 556 2040 eastris,
576 2003 730 2044 tempore
747 2003 945 2043 treugarum
963 1996 1119 2036 durante,
1138 1996 1296 2030 incendio
1311 1996 1542 2038 vastaverunt3
1571 2003 1605 2031 et
1622 1997 1664 2030 fic

262 2057 402 2093 ulterius
421 2056 464 2091 ad
482 2056 716 2102 episcopatum
736 2054 1004 2088 Dunelmensem
1028 2053 1239 2094 transierunt,
1258 2054 1316 2088 sed
1339 2053 1385 2088 ibi
1407 2065 1475 2088 non
1493 2054 1665 2089 modicum

263 2115 496 2155 incenderunt,
516 2113 598 2160 quia
615 2113 661 2147 illi
680 2113 723 2147 de
741 2112 939 2159 episcopatu
958 2112 991 2146 se
1009 2111 1053 2146 ab
1072 2111 1230 2146 incendio
1249 2124 1308 2158 per
1325 2123 1487 2158 magnam
1501 2112 1666 2147 summam

264 2174 418 2222 pecuniae
436 2172 663 2208 redemerunt.
719 2170 827 2206 Scotti
849 2175 963 2204 tamen
991 2169 1143 2216 praedam
1169 2181 1331 2216 pecorum
1350 2175 1384 2204 et
1408 2169 1562 2205 homines
1580 2183 1666 2217 quos

265 2243 387 2280 capere
413 2236 571 2278 poterant
594 2229 819 2271 abduxerunt,
840 2233 874 2263 et
896 2227 941 2262 fic
959 2227 1098 2262 ulterius
1122 2228 1322 2262 comitatum
1342 2227 1600 2263 Richemundiae
1619 2229 1666 2263 in-

1691 670 1735 696 sol.
1750 672 1809 697 216.
