1954 2754
157 2127 197 2152 fol.
210 2129 264 2153 186.

295 280 495 316 A.1›.1264.
563 278 916 315 CHRONICON
953 281 1028 316 DE
1067 281 1435 318 LANERCOST.
1655 292 1698 327 75

295 380 351 415 Ad
370 381 543 415 cumulum
562 385 677 414 autem
695 379 837 413 miseriae
859 380 983 414 accidit
1002 381 1095 427 quod
1121 394 1179 416 rex
1205 388 1302 416 terrae
1321 395 1397 417 cum
1417 384 1485 418 filio
1505 385 1536 418 in
1564 389 1698 433 proprio

293 450 399 486 regno
418 451 438 473 a
455 438 530 473 filiis
548 438 644 485 regni
656 444 776 484 captus
788 437 836 471 est
850 442 884 471 et
896 437 1066 478 detentus,
1079 440 1192 473 caeteri
1204 439 1336 474 nobiles
1349 440 1584 477 delitescentes
1597 445 1699 479 undo-

293 509 428 543 cunque
440 496 563 543 reperti
575 496 702 530 carceri
716 496 790 529 sunt
804 495 1008 542 mancipati3
1030 509 1069 530 ac
1084 496 1140 536 fic,
1158 497 1392 544 redemptione
1405 499 1496 540 data,
1517 501 1612 534 multi
1628 502 1700 536 sunt

292 554 440 589 libertati
458 554 610 589 restituti.
667 553 736 588 Sed
749 564 817 587 non
836 552 879 587 fic
895 553 1053 589 adversus
1070 554 1247 601 Angliam,
1268 562 1303 589 ut
1322 557 1395 602 post
1414 557 1554 603 patebit,
1572 560 1699 604 quievit

296 612 458 648 Sathanae
476 612 633 646 versutia.

338 670 479 705 Urbano
490 669 667 710 defumSffi,
681 669 831 704 succeffit
843 669 1164 717 Clemensquartus,
1180 670 1402 706 Provincialis
1414 673 1564 713 natione,
1581 674 1700 709 Saneti

291 728 445 775 AEgidii3
475 728 559 762 sedit
586 727 683 762 annis
708 727 827 767 tribus,
854 727 1024 762 menfibus
1048 739 1181 769 novem,
1212 728 1333 762 diebus
1360 729 1479 776 viginti
1504 736 1535 765 et
1562 744 1639 773 uuo,
1666 739 1698 767 et

291 786 382 821 ceffit
410 787 624 833 episcopatus
651 786 749 820 annis
774 786 893 826 tribus,
920 785 1090 820 menfibus
1120 786 1264 828 duobus,
1295 786 1415 822 diebus
1447 788 1579 823 decem.
1634 791 1700 830 Qui

293 844 465 887 Clemens,
479 845 615 892 legatus
630 857 650 879 a
661 856 751 892 papa
770 844 911 879 Urbano
926 844 1089 891 Angliam
1103 844 1216 879 miffus
1231 851 1368 892 propter
1382 858 1503 892 pacem
1519 848 1701 882 reforman-

291 903 382 943 dam,
402 903 522 938 absens
543 903 657 938 Perifii
676 903 724 939 est
742 903 885 937 eleetus.
940 903 1018 937 Fuit
1042 908 1158 937 autem
1184 908 1255 937 tam
1277 903 1417 950 jejuniis
1436 910 1469 939 et
1493 906 1701 941 orationibus¹

290 962 439 996 intentus
451 961 544 1009 quod
555 962 681 996 multas
693 973 779 1008 quas
791 967 873 995 tunc
885 961 1069 995 sustinebat
1081 961 1223 996 ecclesia
1237 962 1375 1008 injurias
1390 962 1486 997 Deus
1499 964 1563 998 suis
1575 966 1701 999 meritis

290 1020 438 1054 creditur
456 1020 644 1061 evacuasse,
665 1020 836 1066 praecipue
858 1019 1086 1054 Corradinum
1105 1026 1267 1067 nepotem
1288 1020 1459 1055 Frederici
1479 1022 1701 1068 imperatoris,

291 1077 509 1113 multitudine
536 1084 570 1112 et.
591 1078 708 1112 favore
731 1077 857 1112 Siciliae
875 1084 994 1112 contra
1016 1077 1191 1120 Karolum‚
1212 1078 1267 1112 cui
1294 1079 1384 1113 idem
1412 1091 1554 1127 regnum
1577 1081 1701 1116 Siciliae

292 1136 495 1176 contulerat,
514 1136 708 1171 venientem
726 1148 829 1183 quem
848 1141 885 1170 ut
903 1137 1035 1170 fumum
1050 1136 1134 1171 dixit
1149 1136 1365 1172 defeeturum
1385 1138 1522 1184 publico
1537 1139 1698 1180 sermone,

292 1193 385 1240 quod
404 1199 439 1228 et
456 1194 504 1228 rei
523 1200 665 1229 eventus
683 1194 849 1241 probavit,
869 1195 901 1229 in
921 1194 1011 1229 bello
1030 1194 1221 1242 campestri.

342 1252 438 1293 Item,
467 1252 575 1299 pridie
601 1252 677 1287 idus
697 1252 782 1287 Maii
804 1252 908 1299 [Mai.
933 1253 989 1299 14]
1012 1253 1104 1300 apud
1125 1252 1218 1288 Leus
1244 1254 1365 1288 initum
1392 1255 1440 1289 est
1467 1255 1593 1289 bellum
1619 1256 1703 1291 inter

294 1309 495 1350 Henricum,
514 1317 548 1345 et
567 1310 774 1345 Edwardum
792 1311 897 1345 filium
916 1311 999 1358 ejus,
1021 1317 1055 1346 et
1081 1311 1266 1346 Ricardum
1286 1325 1403 1359 regem
1424 1313 1650 1354 Alemanni-ce,
1670 1320 1703 1348 et

293 1374 435 1403 caeteros
453 1369 638 1415 complices
656 1381 785 1408 eorum,
805 1381 845 1403 ex
873 1381 942 1403 una
968 1375 1075 1416 parte,
1097 1375 1130 1404 et
1154 1370 1340 1416 Symonem
1359 1371 1401 1405 de
1423 1371 1651 1412 Monte-forti,
1670 1379 1703 1406 et

293 1426 379 1461 filios
397 1427 482 1473 ejus,
502 1433 535 1461 et
556 1427 749 1462 Gilbertum
768 1427 811 1462 de
833 1427 945 1469 Clare,
967 1433 1000 1462 et
1027 1440 1145 1463 eorum
1164 1429 1328 1469 fautores,
1348 1442 1388 1464 ex
1416 1430 1541 1473 altera;
1571 1431 1627 1465 ubi
1647 1443 1702 1465 rex

294 1491 328 1519 et
354 1490 427 1519 tota
445 1486 503 1519 sua
529 1485 658 1520 familia
680 1486 771 1532 capti
798 1486 873 1520 sunt
899 1493 1022 1533 praeter
1042 1486 1259 1529 Edwardum,
1281 1489 1338 1534 qui
1358 1489 1391 1523 se
1417 1490 1527 1535 posuit
1554 1489 1703 1524 obsidem

294 1555 354 1589 pro
374 1544 527 1590 captivis.
581 1543 620 1577 In
638 1556 707 1590 quo
725 1544 865 1591 quidem
884 1544 975 1579 bello
998 1545 1170 1580 interfeffi
1189 1546 1264 1580 sunt
1283 1547 1346 1580 tria
1364 1547 1457 1580 milia
1476 1547 1651 1581 hominum
1670 1554 1701 1581 et

294 1601 535 1648 quadringenti
562 1613 603 1636 ex
630 1608 774 1649 utraque
801 1608 906 1649 parte,
928 1615 1018 1637 anno
1041 1604 1138 1651 regni
1165 1605 1256 1651 regis
1276 1604 1417 1639 Henrici
1443 1604 1702 1651 quadragefimo

294 1660 431 1694 oet-avo.

344 1717 477 1752 Eodem
494 1730 594 1759 anno,
611 1718 717 1765 pridie
731 1731 839 1753 nonas
856 1719 983 1766 Aprilis
1001 1719 1127 1766 [April.
1141 1720 1192 1766 4],
1212 1719 1382 1755 Henricus
1397 1733 1454 1755 rex
1470 1721 1560 1768 cepit
1576 1721 1703 1756 North-

295 1781 467 1822 amptone‚
488 1782 522 1810 et
540 1776 666 1811 ibidem
685 1777 835 1823 ejusdem
854 1778 933 1811 anni
952 1777 1162 1812 commissum
1181 1778 1229 1812 est
1247 1778 1385 1813 bellum.

768 1895 867 1918 ANNO
887 1896 1022 1918 DOMINI
1041 1896 1226 1919 M.CC.LXV.

345 1949 510 1985 Rediviva
528 1951 713 1985 renascitur
730 1963 854 1998 guerra
870 1952 1064 1999 Anglorum
1079 1966 1087 1994 3
1116 1964 1197 1986 nam
1215 1965 1297 2000 rege
1316 1953 1500 1988 liberaliter
1519 1967 1539 1988 a
1558 1954 1702 2000 captori-

295 2007 357 2042 bus
374 2008 441 2042 suis
459 2007 600 2050 dimiffo‚
617 2009 756 2056 filioque
774 2010 849 2056 post
867 2010 1101 2044 detentionem
1120 2011 1271 2057 quodam
1290 2012 1373 2053 sero,
1394 2012 1496 2046 inane
1515 2012 1701 2046 abundanti

295 2066 440 2107 cautela,
460 2066 586 2101 liberas
603 2067 758 2102 habenas
782 2073 969 2114 repetente,
991 2069 1244 2103 inflammantur
1270 2081 1367 2104 novae
1394 2070 1461 2111 irae,
1482 2070 1702 2104 fulminantur

295 2135 391 2158 novae
408 2125 519 2166 minae,
539 2125 623 2159 fiunt
642 2126 822 2160 conflitfftus
839 2126 1001 2161 mortales
1020 2126 1227 2173 ubicunque,
1248 2132 1362 2174 partes
1376 2127 1435 2161 fibi
1450 2133 1569 2161 mutuo
1587 2138 1701 2161 occur-

296 2186 382 2215 runt.
425 2181 583 2217 Tandem
610 2184 771 2218 comitem
793 2196 870 2218 cum
889 2185 955 2218 suis
974 2185 1065 2230 apud
1086 2184 1254 2219 Evesham
1273 2186 1306 2219 in
1326 2185 1466 2219 abbatia
1484 2185 1700 2219 constitutum

295 2238 383 2273 filius
400 2240 490 2286 regis
508 2252 586 2274 cum
604 2242 663 2275 suo
681 2242 832 2288 agmime
859 2247 1099 2288 praeoccupat3
1128 2242 1186 2276 sed
1212 2248 1245 2276 et
1272 2255 1387 2277 comes
1408 2242 1602 2276 Gloverniae
1623 2252 1699 2274 cum

299 2297 451 2342 ampliori
467 2298 617 2332 exercitu
635 2299 808 2334 adventat.
849 2299 984 2339 Quibus
1003 2299 1137 2345 agnitis,
1155 2312 1270 2334 comes
1285 2300 1447 2334 audacior
1465 2299 1606 2333 effeetus
1621 2309 1699 2332 con-
