1954 2754
291 299 362 323 ω.
387 291 488 322 1301.
560 287 913 322 CHRONICON
949 288 1021 322 DE
1062 289 1424 327 LANERCOST.
1623 301 1687 331 201

289 390 367 424 dalo
386 389 636 437 perturbantur.
691 389 936 429 Quamobrem,
957 389 1068 435 dignis
1094 390 1243 425 motibus
1265 404 1515 439 praegravamur
1534 402 1567 429 et
1592 398 1691 431 ratio-

290 447 422 482 nalibus
448 448 565 483 studiis
589 447 814 488 exhortamur,
844 447 937 493 quod
962 447 1005 481 ad
1032 448 1253 494 corrigendos
1280 450 1335 483 seu
1364 452 1566 496 puniendos,
1593 462 1692 499 prout

283 505 340 550 jus
359 507 474 552 exigit,
484 507 700 552 praelatorum
718 505 865 551 ipsorum
880 504 1041 546 excefl'us,
1051 505 1242 551 hujusmodi
1256 507 1451 552 provisionis
1465 510 1691 545 acceleratum

288 563 476 598 remedium
495 563 730 597 adhibeamus.
766 561 857 596 Sane
877 563 1025 596 clamore
1044 562 1169 602 valido,
1188 563 1307 598 nostris
1321 564 1394 610 jam
1414 566 1537 611 pluries
1556 568 1691 603 auribus

287 621 467 662 inculcato,
489 621 665 661 referente,
686 620 880 654 didiscimus
898 620 991 666 quod
1012 620 1188 654 walterus
1210 620 1252 654 de
1275 621 1492 668 Langetoun,
1517 624 1692 660 Coventri-

287 677 372 713 ensis
390 684 423 712 et
444 677 710 712 Lichefeldenfis
729 678 917 724 episcopus,
938 678 1114 724 pastoralis
1132 677 1318 713 honestatis
1337 680 1472 722 oblitus,
1490 683 1604 717 salutis
1618 696 1691 729 pro-

286 736 366 782 priae
384 736 572 776 immemor,
590 737 692 770 famae
711 735 885 783 prodigus,
904 741 938 770 et
952 741 1128 782 tamquam
1153 736 1200 770 sui
1216 736 1315 782 ipfius
1333 739 1528 783 persecutor
1545 740 1692 781 honoris,

286 800 356 828 tam
374 794 514 829 scelesta
532 806 636 841 quam
653 794 855 833 facinorosa,
874 799 944 828 tam
963 794 1182 840 nefandaque
1201 806 1305 841 opera
1324 803 1518 842 perpetrare
1537 810 1604 832 non
1623 811 1691 833 me-

286 853 359 892 tuit,
375 853 588 887 committere
602 864 666 886 nec
684 851 820 892 desistit,
838 852 931 898 quod
950 852 1017 893 illa,
1036 857 1072 886 ut
1089 852 1226 886 honoris
1241 853 1380 888 taedium
1399 855 1615 891 audientibus
1633 870 1691 904 pa-

285 916 396 945 rerent
425 911 477 945 vel
508 910 772 945 abominationis
803 910 974 944 fastidium
1009 916 1225 957 generarent,
1258 924 1322 946 nec
1352 914 1573 959 exprimenda
1600 928 1691 950 nunc

284 968 428 1003 vidimus
446 969 565 1003 litteris
579 981 692 1015 neque
707 968 886 1002 verborum
898 967 1044 1002 oraculis
1059 968 1249 1003 referenda.
1289 969 1378 1004 Cum
1390 971 1506 1018 itaque
1521 973 1690 1013 nolumus,

285 1027 366 1072 quia
384 1026 478 1061 ficuti
496 1039 560 1062 nec
578 1026 755 1066 debemus,
775 1026 857 1060 talia
875 1038 952 1072 quae
972 1026 1088 1060 Deum
1107 1027 1284 1061 offendunt
1303 1036 1337 1061 et
1355 1027 1509 1064 homines
1528 1031 1690 1066 scandali-

284 1090 363 1118 zant
374 1084 646 1119 connivientibus
660 1085 778 1126 oculis,
793 1084 818 1118 fi
828 1084 978 1119 veritatis
992 1085 1173 1118 foveantur
1187 1085 1324 1124 auxilio,
1340 1087 1527 1132 praeterire3
1548 1090 1690 1136 quinpo-

284 1143 350 1176 tius
377 1143 420 1176 ad
448 1142 598 1177 debitam
625 1142 838 1188 punitionem
866 1155 993 1183 eorum,
1026 1155 1069 1177 ne
1098 1143 1238 1177 ulterius
1265 1144 1378 1178 tractu
1408 1146 1569 1191 temporis
1599 1147 1690 1182 inva-

283 1201 422 1240 lescant,
441 1200 551 1234 studio
575 1200 686 1234 solerti
710 1199 906 1246 procedere,
932 1206 1032 1246 prout
1058 1200 1101 1234 de
1120 1201 1198 1246 jure
1216 1200 1399 1236 viderimus
1418 1208 1452 1236 et
1475 1203 1691 1240 intendamus

284 1261 356 1295 fore
375 1259 640 1306 procedendum,
661 1258 863 1293 fraternitati
882 1264 962 1298 tuae,
980 1271 1041 1305 per
1059 1258 1247 1305 apostolica
1262 1260 1395 1306 scripta,
1420 1261 1453 1294 in
1471 1262 1593 1297 virtute
1612 1263 1691 1298 obe-

285 1318 421 1352 dientiae
440 1317 590 1351 districte
609 1317 767 1351 duximus
794 1316 1055 1363 injungendum,
1083 1317 1257 1363 quatinus,
1282 1317 1414 1352 sublato
1433 1331 1536 1354 morae
1561 1320 1691 1368 dispen-

284 1376 350 1417 dio,
371 1380 597 1410 memoratum
615 1375 811 1422 episcopum
828 1387 888 1421 per
906 1380 951 1414 te,
970 1375 1028 1408 seu
1046 1386 1106 1421 per
1128 1375 1244 1414 alium,
1263 1376 1321 1409 seu
1339 1388 1398 1423 per
1421 1377 1517 1417 alios,
1536 1391 1577 1412 ex
1596 1385 1691 1425 parte

284 1433 396 1468 nostra
408 1433 468 1468 sub
487 1445 589 1479 poena
606 1433 802 1479 privationis
820 1432 1039 1479 pontificatus
1051 1433 1163 1474 officii,
1179 1445 1282 1480 quam
1298 1434 1368 1480 ipso
1382 1435 1477 1469 facto
1490 1448 1568 1470 eum
1583 1438 1690 1471 incur-

284 1504 356 1526 rere
375 1491 531 1525 volumus
548 1490 572 1525 fi
590 1491 687 1537 super
712 1490 778 1525 hoc
796 1490 996 1525 inobediens
1022 1491 1136 1530 fuerit,
1155 1492 1384 1538 peremptorie
1407 1493 1511 1528 citare
1530 1506 1690 1540 procures

284 1556 320 1584 ut
339 1549 426 1583 infra
443 1549 614 1583 trimestris
636 1548 797 1595 temporis
815 1548 971 1595 spatium,
997 1562 1018 1583 a
1039 1548 1094 1583 die
1114 1549 1284 1583 citationis
1311 1549 1411 1595 hujus
1430 1553 1689 1593 numerandum,

283 1607 501 1654 personaliter
525 1612 722 1653 compareat
746 1618 861 1640 coram
882 1606 992 1646 nobis,
1011 1607 1109 1653 super
1135 1607 1306 1653 praemifiis
1330 1608 1487 1642 omnibus
1511 1615 1545 1643 et
1573 1622 1691 1645 eorum

283 1665 434 1712 fingulis,
450 1677 491 1699 ac
506 1665 589 1706 aliis,
606 1664 629 1698 fi
648 1677 724 1711 quae
736 1664 879 1711 proponi
891 1664 944 1698 vel
959 1663 1061 1710 objici
1080 1664 1262 1711 contigerit
1277 1670 1395 1699 contra
1410 1678 1498 1707 eum,
1518 1667 1638 1702 nostris
1656 1675 1690 1703 et

284 1724 479 1771 apostolicae
494 1723 580 1758 sedis
598 1723 821 1769 beneplacitis
836 1728 869 1757 et
883 1723 1062 1769 praeceptis
1077 1722 1248 1757 humiliter
1262 1728 1295 1757 et
1311 1723 1493 1758 efficaciter
1507 1725 1688 1771 pariturus.

286 1781 390 1816 Diem
401 1793 480 1815 vero
492 1781 697 1827 receptionis
708 1781 923 1827 praesentium
935 1780 1118 1820 citationis,
1131 1786 1164 1814 et
1179 1781 1336 1820 formam,
1351 1787 1384 1815 et
1399 1782 1562 1829 quicquid
1577 1783 1610 1817 in
1625 1784 1690 1820 hac

283 1845 379 1886 parte
397 1839 529 1880 feceris,
550 1839 649 1873 nobis
672 1850 732 1885 per
753 1844 829 1872 tuas
848 1838 987 1880 litteras,
1007 1838 1129 1872 harum
1148 1838 1266 1872 seriem
1286 1839 1510 1880 continentes,
1537 1841 1637 1887 plene
1656 1849 1690 1877 et

282 1897 425 1932 fideliter
443 1896 579 1931 studeas
597 1896 764 1931 intimare.
817 1896 948 1930 Datum
968 1895 1143 1938 Lateran‚’
1164 1897 1287 1931 octavo
1306 1896 1381 1931 idus
1401 1897 1586 1941 Februarii,
1607 1912 1689 1946 pon-

283 1957 430 1991 tificatus
447 1954 549 1989 nostri
568 1966 657 1988 anno
675 1955 769 1988 sexto
790 1953 892 2000 [Feb.
911 1953 945 1994 6,
968 1953 1088 2000 13ΟΟ].

769 2074 868 2098 ANNO
887 2074 1022 2098 DOMINI
1041 2074 1206 2099 M.CCC.II.

332 2131 465 2172 Franci,
484 2130 638 2165 volentes
655 2130 743 2165 ultra
761 2130 915 2166 debitum
933 2131 1115 2178 subjugare
1129 2131 1189 2166 fibi
1205 2131 1437 2173 Flandrenses‚
1454 2137 1576 2166 terram
1594 2132 1685 2166 illam

284 2187 419 2223 diverfis
435 2187 564 2223 vicibus
586 2200 664 2223 cum
690 2189 842 2224 exercitu
863 2189 1083 2224 intraverunt.
1136 2189 1360 2224 Flandrenses
1382 2195 1497 2223 autem
1521 2188 1685 2223 audacter

285 2250 501 2281 occurrentes
512 2247 674 2281 exercitui
687 2247 832 2293 equestri
844 2247 877 2281 in
889 2247 1034 2294 pedibus
1047 2247 1193 2281 diversas
1204 2247 1333 2294 strages
1341 2247 1383 2281 de
1395 2247 1443 2281 eis
1453 2245 1516 2288 [et]
1525 2246 1684 2281 victorias

286 2302 457 2339 mirabiles
474 2302 703 2347 obtinuerunt,
731 2304 917 2350 majoribus
938 2310 972 2339 et
998 2303 1220 2339 nobilioribus
1238 2304 1387 2351 personis
1407 2302 1558 2337 Franciae
1584 2303 1684 2338 inter-

1367 2374 1386 2396 c
1404 2374 1422 2395 c
