1954 2754
233 267 301 300 334
500 262 853 299 CHRONICON
888 262 961 298 DE
995 262 1365 300 LANERCOST.
1440 277 1518 301 Λα).
1542 269 1644 301 1340.

236 372 317 400 tunc
335 367 368 400 in
388 365 586 400 Flandriam
605 365 782 412 applicuit,
801 364 959 400 omnibus
978 365 1258 407 acclamantibus,
1279 370 1300 386 ‘⁶
1312 366 1402 400 vivat
1420 378 1479 400 rex
1498 367 1645 402 Franco-

238 436 311 458 rum
329 429 363 458 et
383 423 531 470 Angliae,
552 422 756 457 benedictus
775 423 833 469 qui
851 423 943 457 venit
964 423 999 457 in
1020 423 1158 458 nomine
1178 423 1318 458 Domini
1334 424 1366 458 !”
1421 423 1512 458 Cum
1530 430 1646 459 tamen

238 487 316 517 ante
331 487 448 516 contra
460 481 568 528 ipsum
580 487 718 528 propter
730 481 824 515 suam
836 492 967 515 moram
980 480 1146 515 diutinam
1161 481 1194 515 in
1209 481 1338 528 Anglia
1356 482 1491 516 fuerant
1509 483 1647 517 minime

238 539 423 586 provocati,
439 544 473 573 et
487 539 606 585 regina
621 538 713 585 apud
730 538 938 573 Gandavum
953 538 1112 573 exsistens
1126 539 1290 585 plurimus
1308 539 1467 586 periculis
1485 539 1647 587 exposita,

239 609 316 631 cum
334 596 400 631 suis
420 596 577 643 Anglicis
595 596 677 630 inibi
696 596 754 642 qui
773 596 911 630 fuerunt
935 596 979 630 ad
996 608 1115 643 regem
1133 608 1213 631 vero
1233 597 1370 644 Augliae
1389 603 1422 632 et
1442 597 1596 633 Franciae
1614 598 1647 632 in

241 654 400 689 Flandria
427 654 613 696 exsistente,
643 665 761 688 omnes
787 653 884 700 regio
911 653 1030 688 morbo
1057 655 1169 689 vexati
1196 655 1401 690 accedentes
1427 655 1527 702 ipfius
1551 656 1648 691 tafflm

240 713 401 747 continuo
419 712 494 746 sunt
512 711 635 746 sanati.

291 770 370 804 Post
385 770 470 809 haec,
489 781 547 803 rex
567 769 704 814 Angliae
731 774 765 802 et
784 768 939 803 Franeiae
957 780 999 803 ex
1026 768 1164 803 consilio
1191 770 1338 810 suorum,
1362 776 1500 817 recepta
1518 783 1648 806 recrea-

238 829 331 862 tione
350 828 383 861 in
404 826 585 867 Gandavo,
612 827 727 860 versus
747 826 947 860 Tornacum
973 838 1051 860 cum
1070 827 1222 862 exercitu
1248 827 1361 862 valido
1379 829 1586 876 properavit,
1615 835 1648 863 et

241 885 329 919 circa
348 885 454 931 ipsam
481 884 654 918 civitatem
681 882 891 917 obsidionem
915 884 1025 930 posuit
1051 884 1151 918 valde
1175 897 1328 931 gravem,
1348 885 1391 920 ad
1415 898 1519 932 quarn
1541 898 1649 921 remo-

241 942 386 977 vendam
407 941 584 988 Philippus
603 941 645 975 de
665 940 795 982 Valois‚
824 953 997 987 occupans
1015 953 1159 988 regnum
1180 941 1344 984 Franciae,
1366 943 1505 990 collegit
1523 945 1649 978 exerci-

240 1007 313 1035 tum
331 1000 517 1047 copiosum.
572 998 638 1033 Cui
660 1011 718 1033 rex
739 998 876 1045 Angliae
895 1004 928 1033 et
953 998 1119 1039 Franciae,
1143 999 1186 1034 de
1212 999 1288 1034 loco
1313 999 1495 1035 obsidionis
1513 1001 1648 1048 scripsit,

241 1064 273 1093 et
293 1070 352 1105 per
371 1058 446 1092 suos
464 1069 583 1091 omnes
602 1056 855 1091 ambassiatores
876 1055 975 1096 mifit,
997 1057 1172 1103 optionem
1191 1057 1292 1091 trium
1316 1058 1455 1105 eligere,
1480 1058 1649 1101 videlicet,

240 1116 332 1163 quod
351 1128 392 1150 ex
411 1127 479 1162 quo
498 1115 637 1162 querela
656 1114 742 1149 inter
760 1115 793 1149 se
812 1121 846 1149 et
864 1115 973 1161 ipsum
993 1115 1189 1162 Philippum
1207 1115 1410 1162 praedictuin
1427 1117 1528 1151 fuerit
1546 1118 1652 1153 venti-

240 1175 320 1216 lata,
341 1174 434 1221 quod
452 1173 511 1220 ipfi
530 1173 598 1207 duo
617 1172 675 1207 soli
694 1185 755 1219 pro
782 1173 1015 1208 declaratione
1036 1173 1175 1220 justitiae
1199 1174 1319 1220 proelio
1346 1175 1570 1217 decertarent,
1599 1176 1652 1211 vel

242 1232 334 1279 quod
358 1232 427 1277 ipse
448 1230 626 1277 Philippus
654 1236 792 1265 centum
818 1231 942 1265 milites
970 1231 1012 1265 de
1036 1231 1180 1266 Francia
1208 1232 1429 1278 potentiores,
1457 1233 1544 1271 inter
1568 1246 1653 1280 quos

242 1290 346 1325 etiam
364 1289 455 1323 idem
476 1287 654 1334 Philippus
672 1287 754 1322 efl'et
772 1300 869 1329 unus,
891 1294 925 1322 et
948 1288 1018 1335 ipse
1038 1288 1227 1323 Edwardus
1252 1289 1395 1324 totidem
1415 1290 1650 1337 Anglicorum,

243 1348 329 1382 inter
343 1359 429 1393 quos
444 1346 513 1392 ipse
527 1345 715 1380 Edwardus
730 1357 817 1380 unus
833 1345 1013 1388 exsisteret,
1030 1351 1065 1381 et
1078 1345 1144 1381 hoc
1159 1346 1202 1381 ad
1217 1346 1393 1382 vitandum
1409 1349 1651 1384 mortalitatem

242 1405 359 1452 populi
381 1404 587 1445 Christiani;
607 1403 660 1438 vel
682 1403 706 1438 fi
724 1404 785 1438 ista
804 1403 871 1437 duo
890 1403 1058 1450 praedicto
1079 1403 1239 1451 Philippo
1265 1416 1333 1439 non
1352 1405 1539 1452 placerent,
1560 1407 1653 1453 quod
1681 1442 1685 1445 ,

242 1463 422 1510 affignaret
441 1462 531 1496 diem
550 1468 680 1496 certum
699 1474 813 1496 coram
826 1461 964 1496 civitate
979 1461 1022 1496 de
1042 1461 1171 1496 Tornai
1190 1474 1295 1508 quarn
1309 1462 1491 1498 obsederat
1506 1464 1549 1498 ad
1567 1476 1653 1511 pug-

244 1521 395 1555 nandum
412 1520 566 1567 potentia
585 1525 703 1554 contra
721 1520 922 1566 potentiam,
935 1532 955 1554 a
972 1525 1127 1566 tempore
1142 1520 1346 1567 receptionis
1357 1520 1545 1556 litterarum
1563 1523 1653 1570 regis

244 1579 381 1626 Angliae
407 1584 442 1612 et
470 1577 623 1612 Franciae
649 1577 931 1624 praescriptarum,
958 1583 995 1611 ut
1015 1577 1124 1617 Deus,
1149 1578 1207 1624 qui
1233 1579 1389 1613 transfert
1416 1592 1522 1626 regna
1548 1586 1652 1627 atque

244 1636 415 1671 constituit
442 1642 585 1682 accepto
609 1635 710 1670 trium
733 1635 913 1669 modorum
930 1634 1097 1682 justitiam
1121 1635 1324 1678 ostenderet,
1354 1642 1388 1671 et
1412 1637 1532 1684 proelio
1550 1638 1653 1673 finem

244 1695 351 1729 daret.
398 1694 477 1734 Qua
494 1693 591 1728 litera
610 1698 752 1739 accepta
771 1698 805 1727 et
823 1692 1018 1739 optionibus
1032 1693 1227 1735 intellectis,
1248 1694 1329 1741 quia
1342 1694 1440 1730 litera
1457 1707 1525 1730 non
1543 1696 1653 1731 fuerat

244 1752 303 1786 fibi
322 1758 486 1798 tanquam
505 1752 578 1798 regi
598 1751 751 1785 Franciae
776 1751 918 1790 dire6ta,
942 1750 1051 1785 noluit
1073 1750 1133 1786 fibi
1155 1751 1198 1786 de
1216 1752 1282 1786 suis
1306 1752 1501 1799 optionibus
1519 1755 1652 1800 respon-

245 1810 335 1851 dere,
356 1809 412 1843 sed
431 1808 490 1855 ipfi
508 1809 580 1855 regi
601 1809 738 1855 Angliae
756 1814 790 1843 et
810 1808 964 1843 Franciae
982 1808 1143 1855 rescripsit
1163 1809 1266 1855 quod,
1287 1810 1367 1856 quia
1386 1822 1528 1856 regnum
1549 1811 1652 1845 Fran-

246 1868 307 1902 ciae
325 1866 598 1900 irrationabiliter
616 1872 650 1900 et
668 1866 907 1900 damnabiliter
925 1866 1118 1908 intraverat,
1140 1872 1172 1900 et
1192 1872 1311 1901 contra
1329 1868 1362 1901 se
1380 1868 1434 1902 cui
1452 1867 1652 1915 homagium

246 1925 376 1959 fecerat
394 1924 427 1958 se
446 1928 610 1963 erexerat,
637 1923 745 1969 ipsum
764 1936 784 1957 a
810 1923 868 1957 suo
888 1935 994 1970 regno
1022 1923 1065 1957 ad
1092 1923 1256 1958 honorem
1282 1925 1378 1971 regni
1397 1930 1430 1959 et
1457 1926 1651 1971 profetfi'fflm

246 1981 363 2029 populi
382 1981 550 2027 expellere
569 1980 793 2026 proponebat.
848 1980 983 2014 Interea
1002 1980 1083 2014 dum
1104 1980 1178 2015 haee
1206 1987 1399 2028 agerentur,
1427 1994 1505 2016 curn
1526 1983 1651 2031 Philip-

247 2052 310 2087 pus
328 2038 511 2086 praedictus
530 2050 606 2072 curn
626 2049 707 2084 rege
727 2037 864 2083 Angliae
882 2042 916 2071 et
936 2037 1088 2072 Franeiae
1113 2038 1181 2072 ullo
1200 2038 1302 2072 modo
1321 2039 1482 2086 congredi
1507 2052 1575 2075 non
1594 2054 1652 2076 au-

248 2098 353 2138 deret,
374 2102 408 2131 et
433 2096 505 2143 regi
526 2095 662 2142 Angliae
681 2095 832 2141 sumptus
849 2095 1023 2130 necessarii
1041 2095 1225 2130 deficerent
1243 2096 1331 2130 ultra
1356 2097 1496 2131 modum
1514 2110 1574 2144 pro
1593 2099 1651 2133 ob-

248 2155 375 2190 fidione
386 2154 555 2195 facienda,
571 2154 657 2187 inter
671 2153 778 2200 ipsum
797 2159 830 2187 et
847 2152 1041 2199 Philippum
1056 2153 1257 2199 praedi&um
1276 2158 1408 2201 treuga,
1423 2155 1652 2191 mediantibus

251 2212 488 2254 cardinalibus,
509 2212 557 2246 est
576 2216 718 2258 accepta
734 2225 742 2252 3
771 2210 861 2245 unde
879 2223 937 2245 rex
955 2210 1064 2245 subito
1085 2210 1248 2257 Angliam
1266 2212 1400 2247 intravit
1425 2219 1458 2247 et
1477 2213 1652 2249 custodem

253 2270 370 2306 Turris
390 2269 658 2310 Londoniarum,
678 2269 814 2311 scilicet,
836 2269 1011 2304 dominum
1030 2268 1241 2304 Nicholaum
1260 2269 1302 2304 de
1322 2269 1450 2313 Beclie,
1471 2272 1528 2318 qui
1548 2273 1651 2308 etiam
